2752 4674
141 305 185 372 28
587 318 794 367 ramberto:

142 484 229 541 esse,
244 481 375 528 servare
399 461 463 527 Dei
477 461 499 541 ;’
528 466 629 545 atque
652 461 781 526 idcirco
807 466 982 524 ‘nostram
1003 460 1040 525 in
1054 461 1132 527 Deo
1146 477 1240 543 spem

142 587 274 631 omnem
303 562 558 630 collocandam'
587 583 666 628 esse
695 564 797 629 docet
822 565 857 627 iu
881 562 1073 646 Symmucb
1099 577 1140 626 11.
1166 559 1241 626 159.

143 667 349 752 Quidquodi
373 672 384 702 ‘
400 666 539 745 Oratio‚’
550 667 654 750 juxta
669 666 705 730 S.
720 666 849 750 Aug.,¹⁸
872 670 883 700 ‘
900 666 1089 730 clarissima
1102 670 1154 728 est
1168 672 1242 744 gra·

141 773 198 837 tiae
212 768 427 837 testificatio?
469 768 517 833 At
530 770 620 833 enim
634 769 818 833 innumeris
833 768 919 833 locis
933 776 1008 832 orat
1023 766 1135 832 Deum
1150 765 1241 830 Poe-

142 877 189 951 ta,
201 872 393 937 nouaclum
409 878 447 935 ut
458 871 613 935 infideles
628 870 674 935 ad
689 871 859 935 Christum
881 868 1041 944 adducat,
1063 865 1242 932 sedetiam

140 982 179 1038 ut
204 979 291 1038 ‘sua
307 981 414 1057 tergat
427 972 561 1049 delicta,
576 992 694 1055 purum
719 993 757 1035 se
777 979 927 1056 praestet,
942 988 1076 1034 ecesse
1097 967 1241 1052 jubeat}

140 1095 218 1160 quae
233 1083 405 1159 postrema
415 1073 572 1157 precandi
581 1073 738 1150 formula,
754 1071 993 1154 S.Augustino
1006 1070 1240 1147 usitatissima,

140 1179 293 1261 superbis
308 1176 502 1260 Pelagiauis
517 1181 690 1259 tantopere
712 1175 926 1259 displicebat.
970 1172 1154 1237 Pudicitia
1167 1171 1239 1238 vio·

139 1279 261 1343 teriam
283 1278 348 1343 soli
363 1278 499 1343 cbristo
513 1278 654 1341 ascribit
668 1275 913 1360 Psycbomacb.
933 1295 986 1339 vs.
998 1277 1053 1339 57.
1067 1272 1157 1357 quod
1173 1273 1239 1339 sub

138 1379 217 1444 libri
230 1380 327 1444 finem
344 1380 389 1445 ad
404 1379 490 1444 alias
511 1398 627 1443 omues
650 1379 791 1442 virtutes
807 1377 970 1442 extendit.
1013 1375 1106 1440 Nam
1119 1373 1241 1439 moles-

139 1480 275 1546 tissima
290 1501 332 1546 ac
346 1482 636 1564 periculosissima
650 1501 784 1546 carnem
808 1483 895 1544 inter
916 1488 952 1543 et
974 1479 1129 1563 spiritum
1149 1495 1240 1541 com·

139 1589 324 1646 memorata
337 1602 460 1665 pugna,
475 1584 519 1647 ab
534 1601 576 1648 ea
590 1582 719 1646 tamdiu
733 1602 796 1647 nos
811 1583 961 1647 exerceri
977 1581 1089 1657 docet,

225 1731 343 1796 Donec
358 1732 517 1816 praesidio
533 1731 687 1798 Christus
701 1733 799 1798 Deus
813 1732 913 1810 adsit,
926 1738 962 1797 et
975 1749 1093 1796 omues

225 1829 397 1895 Virtutum
411 1851 561 1913 gemmas
576 1842 762 1916 componat
780 1832 861 1898 sede
876 1834 983 1917 piata.

140 1969 209 2034 Sed
233 1971 353 2053 majus
370 1971 452 2053 quid
476 1977 511 2036 et
532 1975 728 2055 expressius
748 1974 850 2037 babet
864 1974 1041 2058 Psycbom.
1055 1993 1106 2038 vs.
1118 1971 1194 2037 199.
1207 1979 1240 2037 et

139 2088 223 2153 seq„
237 2090 305 2153 quo
320 2074 353 2135 in
367 2071 445 2135 loeo
460 2073 659 2139 humilitatis
671 2095 747 2140 cum
762 2077 923 2159 superbia
934 2083 1101 2140 certamen
1116 2074 1239 2139 descri-

137 2172 233 2249 bens,
248 2175 395 2254 reginam
408 2194 483 2238 eam
498 2177 630 2258 quidem
646 2177 739 2253 lacit,
753 2178 815 2242 sed
835 2179 980 2263 propriis
1003 2177 1146 2242 diffisum
1162 2176 1239 2240 viri·

138 2273 213 2352 bus,
226 2293 267 2339 ac
282 2276 392 2341 alieno
406 2275 609 2359 indigentem
623 2279 775 2343 auxilio:

365 2456 372 2472 .
389 2456 398 2472 .
414 2409 550 2491 Regina
564 2411 710 2493 quidem,
725 2412 787 2476 sed
796 2432 896 2493 egens
907 2413 1009 2477 alieni

315 2510 464 2589 Auxilii,
480 2516 618 2596 proprio
631 2533 695 2577 nec
709 2524 763 2578 sat
777 2514 906 2578 confisa
920 2520 1056 2597 paratu:

138 2670 216 2735 quae
232 2657 298 2714 tam
311 2650 446 2715 humilis
460 2654 607 2736 propriae
621 2655 865 2720 imbecillitatis
879 2656 1045 2720 consessio
1060 2655 1152 2719 nullo
1167 2676 1238 2721 mo·

137 2749 182 2814 do
197 2772 241 2815 ex
256 2751 374 2818 inflato
390 2753 651 2836 Pelagiauorum
665 2776 723 2821 ore
733 2758 935 2840 prodiisset:
959 2767 1029 2825 tum
1042 2758 1237 2841 superbiam

136 2852 263 2916 inducit
284 2856 542 2937 exprobrantem
566 2855 760 2935 humilitati,
782 2859 884 2942 quod,
909 2861 988 2943 ipsa
1012 2861 1149 2937 fatente,
1173 2880 1238 2924 non

138 2953 183 3016 sit
197 2953 316 3032 libera,
332 2954 391 3018 sed
408 2963 495 3020 metu
511 2956 736 3039 degenerans:

353 3135 361 3150 .
376 3134 385 3153 .
402 3132 411 3150 .
427 3137 435 3152 .
454 3091 527 3156 Nec
541 3092 646 3157 libera
655 3094 773 3178 judice
788 3116 863 3161 sese

222 3190 324 3255 Mens
335 3190 481 3269 humilis,
497 3211 601 3275 quam
617 3197 816 3277 degenerem
832 3198 1012 3282 trepidatio
1028 3197 1149 3281 prodit.

137 3333 249 3412 Quam
263 3334 317 3398 hic
332 3334 375 3398 ab
389 3334 520 3400 bomine
541 3337 729 3404 libertatem
748 3348 897 3406 removet
919 3341 1052 3406 Poetal
1075 3341 1156 3406 Nou
1172 3343 1235 3406 uti·

136 3453 203 3517 que
227 3436 423 3512 naturalem,
439 3435 482 3500 ad
498 3457 608 3520 quam
627 3439 836 3505 astruendam
852 3450 944 3507 totus
967 3443 1145 3506 insumitur
1160 3442 1235 3507 Ha·

135 3543 231 3600 mart
257 3535 360 3599 liber:
390 3555 465 3599 eam
492 3539 591 3620 igitur
613 3539 746 3604 felicem
769 3562 905 3625 prorsus
920 3552 955 3608 et
970 3545 1082 3610 laetam
1097 3544 1141 3608 ad
1157 3544 1234 3608 dili·

134 3637 278 3719 gendum
294 3637 414 3711 Deum,
429 3644 463 3702 et
478 3640 598 3704 bonum
614 3642 848 3728 quodcumque
857 3646 1002 3710 salutare
1018 3644 1233 3728 operandum,

134 3757 234 3822 quarn
250 3759 364 3804 omnes
382 3739 535 3804 bomines
558 3742 656 3825 primi
679 3745 813 3828 peccati
836 3745 1021 3827 granditate
1044 3746 1233 3829 perdidisse

135 3836 236 3903 docet
251 3840 398 3904 invictus
411 3841 435 3905 J
436 3863 496 3908 esu
510 3841 634 3910 Cbristi
646 3847 760 3929 gratiae
770 3846 924 3911 defensor
938 3847 974 3911 S.
989 3847 1076 3930 Aug.
1092 3869 1145 3932 ep.
1156 3849 1233 3914 217.

134 3958 211 4023 qua
227 3949 279 4004 est
292 3939 336 4004 ad
351 3940 458 4006 Vital.
475 3962 525 4008 ιν.
542 3944 594 4012 12.
610 3948 700 4012 unde
724 3947 858 4013 subdit:
890 3953 902 3984 ⁶
918 3949 1015 4015 Utin
1033 3951 1142 4016 Deum
1158 3971 1232 4017 cre·

325 4126 357 4173 18
373 4123 424 4186 Ep.
436 4128 492 4175 177.
502 4139 561 4177 nov.
573 4126 637 4177 edit.
648 4142 705 4193 qum
717 4127 750 4179 ud
761 4128 899 4181 Innoceut.
912 4131 968 4183 1³1³.
979 4135 994 4197 1
1005 4137 1030 4184 1.
