2752 4674
140 275 183 339 lt
580 289 787 340 esserum.

227 433 423 498 Innumeros
437 432 565 497 eineres
580 432 777 500 Sanctorum
794 433 944 500 Romula
959 435 993 498 in
1008 435 1087 500 nrbe
1158 443 1160 447 ’

269 533 441 611 Vidimus,
456 553 477 598 o
492 533 615 600 christi
630 534 812 601 Valeriana
826 555 931 602 saoer.

140 675 173 735 et
186 670 245 734 ins.
260 688 311 736 vs.
327 671 379 734 17.
394 674 517 754 etseq.

227 804 316 870 Haec
330 802 408 867 dnm
421 802 529 867 lnstrn
543 802 662 880 oeulis,
677 807 711 866 et
725 802 833 868 sicubi
844 802 930 868 sorte
943 783 1084 868 latentes

225 905 350 971 Rerum
364 903 480 988 apices
491 909 640 968 veterum
650 923 712 990 per
722 911 937 970 monuments
952 923 1087 988 sequor,

225 1008 368 1073 Invenio
386 1004 563 1090 Hippolyt.
577 1006 638 1068 dec.

139 1140 197 1207 Ex
210 1140 401 1217 bisantem,
423 1155 501 1220 ques
519 1136 593 1201 suis
613 1136 647 1200 in
670 1137 830 1220 operibns
845 1137 887 1200 de
901 1137 1028 1202 Sancto
1044 1137 1234 1217 humatio,

139 1243 183 1309 de
197 1242 260 1308 SS.
273 1241 366 1326 App.
382 1241 484 1306 Petro
505 1248 542 1304 et
556 1238 680 1317 Paulo,
705 1239 907 1323 Hippolyto,
929 1238 1074 1321 Agnate,
1087 1238 1232 1324 aliisque

139 1343 304 1411 Romanis
318 1340 539 1425 Martyribus,
551 1341 657 1406 sacris
673 1340 910 1418 Monumentis,
923 1340 1096 1419 Busilieis,
1111 1339 1234 1419 Pestis,

138 1443 344 1527 Ritibusqne
357 1443 486 1527 passim
499 1444 672 1519 memorat,
688 1441 775 1505 setis
785 1440 892 1524 liquet
900 1440 978 1506 dum
990 1440 1112 1507 Romae
1125 1448 1234 1517 esset,

137 1544 267 1628 optime
283 1543 465 1610 Christiani
486 1543 633 1626 hospitis
648 1541 761 1608 officie
774 1543 981 1626 explevisse,
995 1547 1030 1607 et
1043 1541 1233 1626 Religionis

138 1646 308 1731 mysteriis
323 1654 466 1712 mentem
480 1645 614 1712 avidius
626 1644 834 1710 informasse.

183 1745 329 1826 Quando
352 1745 431 1811 inde
451 1745 656 1824 discesserit,
685 1745 850 1811 incertum
877 1746 1012 1811 omnino
1038 1751 1103 1810 est
1146 1743 1233 1812 (lum

139 1847 342 1913 Pmdentins
353 1846 392 1910 in
412 1846 495 1910 urbe
517 1845 758 1927 Imperatorem
777 1865 816 1910 se
836 1845 1016 1912 offendisse
1039 1845 1142 1925 dicet,
1155 1846 1233 1912 lrine

137 1949 182 2014 el.
194 1946 431 2013 Tillemontins
442 1965 521 2009 eum
536 1945 680 2011 Romam
702 1945 907 2010 adventasse
922 1947 1065 2013 eredidit
1084 1967 1138 2013 an.
1159 1948 1235 2013 407.

140 2062 241 2133 quem
255 2047 430 2113 Honorius
444 2047 480 2110 in
494 2046 574 2110 urbe
586 2052 695 2111 toturn
708 2048 888 2129 transegit3
910 2048 998 2113 unde
1012 2047 1088 2132 ejus
1104 2057 1234 2116 senten·

138 2150 187 2214 tia
207 2149 340 2214 nonnisi
361 2166 416 2213 en.
436 2147 513 2214 408.
533 2146 653 2213 Poiitae
675 2149 710 2212 in
731 2148 874 2232 petriam
890 2149 1019 2217 reditus
1038 2150 1233 2233 contingere

138 2249 262 2333 potuit.
305 2249 380 2315 Sed
395 2269 471 2314 eum
495 2267 571 2313 mos
592 2255 685 2315 esset
698 2248 861 2328 Honorio,
877 2248 1047 2317 Ravennae
1068 2258 1109 2316 nt
1129 2251 1234 2336 pimi-

19 2412 24 2421 .
137 2370 230 2416 nrum
243 2351 476 2429 commoranti,
492 2349 636 2416 Romam
650 2351 827 2417 identidem
848 2352 1000 2431 invisere,
1024 2371 1092 2418 nou
1106 2361 1161 2418 est
1172 2371 1234 2418 eur

138 2451 190 2517 illi
203 2453 316 2536 potius
331 2471 546 2537 enumquam
561 2451 657 2516 alteri
672 2450 789 2518 Polite
810 2452 919 2516 nostri
941 2450 1107 2518 adventus
1131 2456 1233 2520 aseri-

137 2552 250 2618 batur.
308 2551 477 2617 Praeterea
506 2570 583 2617 cnm
610 2552 786 2635 plerosque
816 2552 1017 2618 Sanctorum
1046 2553 1233 2638 Martyrum

138 2653 311 2737 Hymnos,
332 2656 512 2735 postquem
530 2651 564 2715 in
586 2653 729 2735 patriam
749 2652 857 2732 rediit,
873 2653 1078 2720 Prudentius
1093 2675 1233 2739 compo·

138 2754 254 2831 suerit,
279 2756 317 2817 nt
335 2771 383 2816 ex
403 2751 551 2836 Hymnis
577 2753 640 2819 SS.
666 2753 833 2834 Cassiani,
870 2754 1064 2840 Hippolyti,
1090 2755 1233 2840 Amatis

138 2859 259 2938 aperte
280 2859 427 2931 constet,
450 2853 480 2919 si
501 2872 589 2920 enno
619 2860 746 2921 tantm
767 2856 845 2922 408.
872 2863 910 2923 nt
937 2858 1011 2924 vnlt
1038 2857 1233 2925 'lillemont

138 2957 276 3022 domum
290 2973 443 3020 reversus
457 2961 522 3034 est,
545 2957 580 3022 in
603 2959 822 3042 sequentibus
837 2960 932 3025 annis
944 2959 1066 3024 iisdem
1083 2960 1233 3044 Hymnis

138 3076 281 3123 vaensse
317 3055 496 3122 dicendum
528 3066 637 3136 esset,
667 3059 758 3142 qnod
791 3068 844 3125 est
876 3060 1118 3145 improbabile;
1154 3081 1232 3128 eam

137 3158 225 3224 enim
236 3177 288 3224 nn.
301 3157 378 3224 409.
392 3157 616 3224 Barbaromm
636 3160 669 3225 io
690 3159 880 3242 Hispsm‘as
894 3162 1033 3243 irruptio
1048 3162 1232 3246 contigerit,

137 3265 196 3327 ant
207 3260 348 3326 liberum
360 3258 413 3326 illi
434 3279 500 3326 non
518 3259 584 3326 fnit
598 3260 784 3345 pangendis
797 3261 948 3327 versibus
962 3261 1151 3344 immorari3
1173 3271 1234 3331 ant

136 3363 211 3445 ejus
236 3359 439 3428 calamitatis
463 3360 588 3427 mienbi
605 3362 822 3441 meminisset,
839 3363 931 3446 quod
953 3382 1120 3448 nusquam
1139 3365 1233 3435 iaeit.

137 3461 368 3544 Satinsigitnr
389 3463 451 3529 erit
471 3482 539 3528 ren
560 3463 597 3527 in
615 3463 742 3529 incerto
765 3465 958 3548 relinquere.
1004 3466 1095 3533 sslnd
1118 3472 1231 3533 antem

136 3567 212 3628 tnto
227 3559 381 3627 affirmari
395 3582 498 3647 posse
512 3564 654 3642 videtur,
676 3573 857 3651 postquam
879 3586 917 3632 se
940 3588 985 3633 ex
1006 3568 1089 3632 arbe
1113 3569 1148 3632 in
1169 3588 1231 3652 pn-

135 3664 233 3729 triam
252 3664 408 3744 restitnit,
432 3665 463 3730 si
485 3684 552 3730 non
572 3665 696 3746 omnia,
719 3668 876 3753 majorem
896 3687 976 3733 sane
1000 3686 1136 3732 snorum
1157 3689 1231 3735 eer-

134 3765 260 3828 minom
274 3771 404 3849 partem
419 3765 658 3850 oonposnisse,
670 3788 746 3854 qne
754 3767 908 3833 secundis
919 3768 1007 3834 ouria
1021 3768 1113 3834 saeta
1127 3772 1231 3836 easti-

134 3863 276 3948 gatiora,
296 3866 416 3931 iterum
438 3867 628 3952 evulgasse,
644 3875 830 3935 auctorest
847 3869 1009 3936 Heinsius
1023 3871 1059 3935 in
1073 3869 1230 3938 Addeud.

134 3985 169 4050 p.
183 3966 256 4030 lto.
268 3965 311 4031 de
324 3968 449 4053 quibus
460 3970 557 4036 inire.
601 3970 702 4037 Circa
714 3975 859 4055 tempus,
881 3992 950 4056 quo
969 3971 1231 4057 unumquodque

134 4064 308 4134 Prudentii
320 4087 407 4153 opus
425 4068 534 4139 lneem
549 4074 729 4156 aspexerit,
744 4073 820 4140 lraec
838 4077 968 4142 tantum
989 4073 1144 4141 affirmari
1166 4093 1230 4158 pro
