2752 4674
582 297 792 347 rrursuro·
1189 283 1235 349 38

135 446 234 515 cibus
248 441 317 528 ipsi
339 439 494 506 latentur.
539 436 686 507 Weiteio
711 445 822 510 autem
846 440 881 507 hi
899 443 941 507 ad
964 460 1085 509 munus
1103 442 1236 509 fuerunt

135 546 260 624 codd,
274 552 312 611 ut
323 564 370 611 ex
382 543 459 627 ejus
474 541 681 609 Praelationo
708 544 895 626 colligitur:
916 544 1133 626 Widmanus,
1145 548 1236 612 scili-

135 657 202 726 eet,
218 645 480 730 Bougursienus,
495 644 744 728 Egmoudanns,
761 646 1029 727 Heilbroneosis,
1048 648 1237 728 Fuldeusis,

136 750 390 827 Goldastianus,
405 748 623 827 Erfurtensis,
638 767 679 814 ac
695 747 886 814 Palatinus.
931 749 1031 829 Quos
1054 752 1141 817 inter
1164 772 1237 817 om·

136 871 208 931 nes,
226 858 398 918 vetustate
422 871 463 916 ac
483 851 687 929 sinceritate,
708 850 928 933 Egmondano
942 853 1170 937 principatum
1186 862 1238 921 at·

138 955 251 1020 tribuit
266 952 433 1018 Heinsius
448 952 484 1016 in
501 951 612 1028 Praei,
627 972 726 1035 quem
742 953 844 1016 etiam
860 960 970 1018 totum
992 956 1065 1019 suis
1079 976 1115 1020 se
1129 957 1237 1023 oculis

136 1057 260 1123 iterum
276 1055 479 1139 percurrisse
497 1055 615 1120 scribit
629 1055 664 1117 iu
682 1053 840 1119 Addend.
856 1077 891 1140 p.
907 1055 1168 1140 1420οο11000
1183 1077 1236 1136 ea,

137 1177 204 1241 qua
218 1158 425 1242 oportuisset
439 1156 630 1240 diligentia,
643 1157 792 1222 collatus
808 1158 852 1222 ab
868 1157 1016 1223 Weitnio
1027 1158 1135 1224 fuerit.
1159 1161 1238 1226 Hos

137 1262 276 1344 insuper
290 1258 380 1325 idem
399 1259 567 1324 Heinsius
585 1261 620 1324 iu
634 1261 800 1343 praeclara
821 1278 885 1325 sna
905 1258 1077 1325 Prudentii
1091 1261 1237 1327 editione

136 1363 217 1429 anui
243 1359 341 1426 1667.
369 1360 522 1427 adhibuit
544 1361 631 1426 Mas.
656 1361 893 1439 Bodleianuru,
920 1361 1239 1446 Rotteudcrphium,

139 1462 376 1540 Nomsianum,
391 1461 592 1540 Puteanum,
605 1462 814 1540 Tbuanenm,
834 1460 1111 1541 Ambrosianum,
1127 1463 1241 1528 Bobe-

137 1566 249 1633 uanos
262 1565 362 1642 duos,
377 1563 533 1648 aliosque
547 1569 676 1648 septem
691 1564 829 1628 minoris
842 1565 1002 1629 momenti
1017 1563 1127 1628 codd.
1171 1564 1241 1629 His

138 1675 252 1733 autem
278 1666 432 1732 omuibus
446 1664 616 1731 Puteanus
637 1673 672 1730 et
684 1663 945 1741 Ambrosianus,
968 1664 1082 1728 mutili
1096 1665 1184 1742 licet,
1200 1684 1241 1731 ae

139 1767 279 1837 meliore
293 1769 347 1835 sni
367 1776 464 1852 parte
481 1768 640 1845 truncati,
662 1767 760 1848 longe
781 1765 963 1832 admodum
983 1773 1142 1851 proestare
1164 1784 1241 1831 ceu-

139 1869 234 1939 aoudi
248 1876 337 1936 mu
381 1867 486 1934 Hunc
501 1868 589 1934 enim
603 1868 750 1950 septimo
775 1868 828 1932 vel
851 1873 976 1933 octavo
998 1867 1125 1933 0000010
1137 1868 1242 1935 aseri·

140 1972 189 2037 bit
210 1971 377 2038 eruditiss.
399 1970 560 2051 Bernard.
584 1969 880 2035 DeMontt'aucon
907 1969 1002 2036 Diar.
1029 1970 1107 2036 Ital.
1128 1990 1165 2054 p.
1188 1968 1242 2035 18.

143 2072 208 2139 Ille
221 2075 259 2138 in
269 2072 382 2156 Regia
396 2072 541 2139 Parisiis
555 2070 659 2137 modo
673 2078 876 2151 asservatus,
890 2071 934 2138 ad
945 2073 1055 2156 ipsam
1068 2092 1152 2156 pene
1160 2072 1243 2138 Pru·

141 2175 244 2243 (lentii
258 2181 392 2241 aetatem
407 2174 573 2254 assurgit3
595 2192 673 2237 nam
687 2174 806 2256 quinto
821 2175 953 2239 soeculo
965 2181 1137 2239 exaratum
1148 2174 1243 2259 judi-

142 2283 201 2343 cat
213 2277 257 2343 cl.
270 2276 374 2342 Joau.
394 2275 616 2340 Mobillonius
642 2275 698 2340 De
717 2275 771 2340 Re
787 2276 976 2360 Diplomat.
991 2277 1050 2341 lib.
1067 2293 1102 2340 v.
1117 2298 1152 2360 0.
1166 2278 1243 2344 eol.

144 2378 244 2463 cujus
267 2378 369 2443 etiam
395 2378 526 2442 ibidem
548 2377 755 2442 characteris
779 2377 953 2460 specimen
974 2377 1120 2441 exbibet.
1164 2378 1245 2443 Jam

143 2501 223 2546 uero
238 2488 330 2564 patet
343 2500 388 2545 ex
399 2480 464 2557 his,
487 2480 530 2544 ab
554 2480 648 2543 nullo
673 2479 849 2544 Prudentii
866 2478 1039 2543 Editcrum
1055 2477 1244 2545 Vaticanus

145 2582 265 2661 Cadd,
287 2588 408 2666 praeter
430 2601 534 2647 unum
549 2583 748 2660 stulterum,
766 2581 832 2647 buc
845 2589 927 2665 post
940 2581 1075 2647 Weitnii
1088 2591 1126 2647 et
1141 2582 1246 2657 1101οε

145 2686 187 2750 sii
202 2689 339 2750 aetaoem
354 2683 528 2760 adrectos,
541 2684 634 2748 uisos
648 2682 757 2747 adhuc
776 2690 834 2748 aut
848 2683 994 2748 collatos
1008 2684 1124 2749 tuisse.
1161 2685 1247 2768 Dig-

144 2806 207 2852 nos
221 2792 335 2850 tamen
351 2785 568 2867 dignissimos
592 2805 680 2862 esse,
703 2805 845 2869 quorum
867 2786 954 2850 ratio
977 2785 1152 2866 habeatnr,
1170 2787 1247 2871 jure

148 2889 336 2971 meritoque
352 2876 499 2951 assitere
514 2906 618 2969 posse
640 2886 800 2950 videmur.
845 2885 936 2951 Nam
959 2887 988 2949 si
1010 2907 1183 2952 nnmerum
1196 2895 1247 2954 at·

146 2989 281 3066 tendas,
292 2988 464 3054 sexdecim
476 2996 573 3068 sunt3
586 2989 617 3051 si
629 2987 859 3070 antiquitatem
871 2995 906 3052 et
920 2988 1151 3067 sinceritatem,
1166 3010 1248 3072 qua·

147 3103 223 3157 tuor
237 3091 290 3155 vel
305 3091 450 3174 quinque
464 3091 633 3174 exceptis,
655 3099 716 3156 aut
739 3089 877 3167 mutilis,
900 3096 960 3155 aut
981 3092 1140 3174 sequiori
1161 3111 1248 3171 aevo,

147 3194 204 3259 rel
215 3212 334 3277 parum
348 3190 497 3276 diligenti
511 3212 614 3257 manu
630 3193 841 3275 conscriptis,
857 3194 960 3257 ceteri
974 3212 1092 3258 omnes
1106 3199 1176 3258 tum
1191 3213 1248 3257 ve·

150 3299 285 3370 tustata,
300 3299 370 3357 tum
382 3290 565 3375 diligentia,
589 3293 725 3376 optimae
744 3300 833 3359 notae
849 3302 931 3357 sunt
942 3296 1120 3378 magnique
1140 3294 1248 3378 pretii.

151 3394 208 3460 Sic
222 3414 253 3458 e.
268 3414 299 3475 g.
315 3392 398 3457 Cod.
413 3395 550 3458 membr.
566 3393 894 3458 Alexandrino-Vat.
917 3396 1034 3476 signat.
1054 3416 1086 3458 u.
1100 3395 1176 3461 321.
1190 3417 1250 3462 an·
1292 3408 1297 3415 '

150 3495 361 3581 liquissimus
376 3495 597 3579 proculdubio
611 3501 685 3576 est3
714 3496 858 3573 infolio,
873 3503 912 3561 ut
926 3497 1033 3575 aiunt,
1048 3499 1168 3562 saeculi
1184 3499 1248 3563 for·

151 3597 241 3663 sitan
254 3598 381 3675 octavi,
395 3597 451 3662 vel
472 3605 562 3664 certe
576 3598 770 3682 sequeutis3
794 3607 830 3663 et
845 3601 956 3664 omnia
971 3601 1113 3664 continet
1128 3599 1248 3666 Poetae

152 3697 277 3783 Opera,
292 3716 370 3763 cum
392 3696 530 3764 Glossis
556 3699 690 3763 minime
712 3699 971 3764 contemnendis.
1015 3699 1174 3783 Ejusdem
1190 3720 1251 3785 pa·

150 3799 232 3865 riter
244 3798 324 3886 plns
336 3799 446 3864 miuus
470 3802 581 3867 aetatis
607 3809 686 3866 sunt
710 3800 818 3866 Codd.
841 3802 1023 3867 membran.
1039 3801 1136 3866 11616.
1152 3803 1251 3870 3860.

151 3919 293 3985 quornm
308 3901 436 3984 primns
450 3901 679 3968 Prudentiaua
702 3903 815 3967 omnia
838 3902 951 3980 habet,
973 3904 1057 3973 alter
1075 3903 1253 3971 Catheme-

151 4001 364 4069 riuouterme
383 4010 502 4082 totum,
527 4003 803 4088 Peristepbanou,
832 4004 1044 4089 Apotheosin
1068 4016 1103 4070 et
1127 4007 1252 4089 Dipty-

153 4101 253 4170 cbom
297 4102 418 4170 codex
431 4107 571 4174 membr.
585 4108 650 4174 sub
664 4106 801 4172 05821.
817 4107 896 4175 beet
911 4108 947 4173 in
962 4109 1129 4193 principio
1142 4115 1176 4171 et
1188 4108 1252 4170 line

217 4218 490 4284 mathaeus.
660 4224 779 4275 Proderit.
1166 4223 1188 4271 c
