2752 4674
523 313 730 364 usurario.
1131 306 1175 372 41

83 452 191 519 loenm
215 453 382 534 dedimus,
402 455 445 523 de
465 477 534 541 quo
556 460 638 524 satis
657 458 765 525 multa
785 460 887 545 hujus
910 461 1122 529 Praefationis
1144 487 1174 530 c.

83 555 133 620 ll.
176 556 274 623 Licet
287 565 412 637 autem,
434 564 598 644 utsupra
620 561 746 626 dictum
769 569 833 640 est,
854 563 888 626 in
906 567 1175 647 recognoscenda

81 657 235 736 Ιοεῑίοιιο,
251 659 359 726 labori
375 659 461 725 adeo
475 681 541 726 nou
555 664 818 746 pepercerimus,
840 671 877 728 ut
899 684 975 730 cum
999 666 1174 733 duodecim

81 769 115 824 et
134 761 283 844 amplius
301 761 478 828 Vaticanis
499 763 607 828 Godd.
628 765 769 831 collatio
783 766 883 831 uobis
898 768 1049 832 instituta
1063 768 1176 848 fuerit,
1244 777 1247 783 ’

79 861 250 928 fatendum
265 869 375 929 tamen
388 873 454 946 est,
476 868 648 951 pauciora,
664 886 766 951 quam
788 888 867 952 quae
880 869 1067 934 existimari
1081 879 1176 954 pote-

79 971 164 1044 rmt,
178 966 387 1033 immutanda
400 970 608 1049 occurrisse3
630 969 731 1053 idque
745 970 880 1035 duabus
894 972 937 1036 de
952 972 1085 1053 causis3
1108 992 1177 1038 una

80 1067 169 1150 quod
191 1068 349 1150 plurima,
372 1088 450 1152 qnae
473 1071 698 1153 castigatione
721 1071 923 1154 indigebant,
948 1074 1022 1138 visa
1042 1073 1113 1157 jam
1143 1078 1178 1138 et

79 1175 245 1252 occupata
256 1172 301 1235 ab
317 1168 462 1235 Heinsio
475 1171 614 1252 inerint3
631 1173 738 1238 altera
752 1175 843 1257 quod
858 1175 1049 1260 frequenter
1059 1177 1178 1242 admo·

80 1267 159 1334 dum
174 1271 208 1334 in
221 1273 345 1336 nostms
361 1271 469 1336 Godd.
491 1273 634 1356 aqualis
655 1274 758 1340 ferme
774 1278 884 1342 artatis
899 1297 939 1343 ao
954 1279 1110 1362 ponderis
1126 1277 1177 1343 di-

80 1390 187 1437 versse
201 1379 377 1436 occurrant
394 1373 566 1454 lectiones,
588 1380 658 1440 tam
672 1377 772 1442 bonae
789 1398 830 1443 ae
843 1381 1016 1463 propriae,¹
1035 1385 1072 1445 ut
1085 1398 1177 1464 queo-

80 1491 156 1537 nam
179 1472 385 1558 praeferenda
408 1475 465 1554 sit,
489 1496 558 1542 non
580 1487 763 1561 appareat;
799 1500 867 1564 quo
894 1483 930 1546 in
957 1501 1039 1547 casu
1069 1483 1177 1547 satius

81 1573 249 1653 duximus,
263 1581 413 1660 utraque,
434 1586 472 1642 nt
493 1578 741 1661 plurimum,·iu
764 1580 910 1644 medinm
932 1582 1091 1657 adducta,
1107 1601 1178 1644 rem

80 1676 243 1741 lectorum
260 1677 392 1762 jndicio
414 1681 615 1763 permittere.
660 1678 784 1742 Verum
805 1698 873 1743 non
891 1678 969 1743 ideo
991 1681 1024 1744 in
1049 1681 1178 1745 irritum

80 1776 226 1843 laborem
242 1779 454 1865 studiumque
468 1788 620 1846 nostrum
643 1781 786 1851 cessisse
807 1780 984 1846 dicendum
1004 1790 1079 1863 est3
1100 1801 1178 1848 nam

83 1888 204 1962 preter
226 1883 405 1947 nonnullos
428 1890 533 1960 recte,
558 1891 597 1947 nt
618 1887 790 1965 putamus,
813 1901 879 1965 ope
902 1884 1178 1962 membranarum,

78 1985 260 2048 restitutos
282 1985 390 2062 locos,
414 1982 551 2048 Heinsii
580 2002 718 2066 quoque
740 1983 995 2063 castigationes,
1017 1984 1178 2067 interdum

83 2085 139 2150 uni
151 2092 281 2150 tantum
298 2085 385 2149 Mss.
398 2086 535 2163 innixae,
550 2086 688 2170 pleniori
705 2085 869 2151 Codicum
890 2095 1079 2151 nostrorum
1097 2106 1180 2152 con·

84 2188 185 2251 sensu
198 2193 233 2252 et
248 2185 460 2264 anctoritate,
482 2186 632 2252 firmasse
654 2205 695 2251 ao
717 2186 898 2265 solidasse,
916 2206 981 2251 non
997 2206 1115 2270 parum
1129 2188 1179 2254 ia-

84 2288 237 2352 ciendum
264 2293 330 2352 est.
386 2288 547 2352 Fusiores
574 2307 596 2352 a
620 2286 787 2371 principio
810 2293 923 2366 notas,
957 2306 998 2351 ac
1025 2280 1180 2371 frequen·

84 2389 183 2454 tiores
199 2407 437 2472 apposueram,
452 2409 549 2473 quas,
566 2394 755 2471 opportune
770 2388 927 2465 monitus,
942 2395 1002 2453 aut
1015 2390 1182 2470 expunxi,

85 2497 144 2556 aut
170 2491 334 2570 resecavi,
360 2496 406 2568 et,
431 2496 469 2556 nt
496 2490 627 2574 aliquid
651 2490 767 2574 potius
797 2489 1049 2567 desideraretur,
1079 2489 1180 2575 elegi,

85 2611 187 2676 qnam
216 2600 256 2657 nt
286 2591 407 2656 nimius
439 2599 474 2656 et
502 2592 615 2675 gravis
646 2591 831 2674 legentibus
862 2591 1053 2658 evaderem.
1105 2591 1182 2659 Has

86 2702 197 2760 antem
221 2693 334 2759 Notas
358 2692 522 2758 interdum
544 2712 587 2757 ex
614 2692 691 2757 aliis
716 2690 834 2757 Poetae
856 2693 1099 2774 interpretibus
1125 2715 1181 2762 me

85 2795 301 2875 desumsisse,
316 2813 377 2859 eur
392 2801 577 2879 tantopere,
591 2800 630 2858 ut
649 2792 787 2877 quidam
809 2793 948 2870 iaciunt,
969 2793 1182 2863 dissimulare

86 2898 237 2977 debeam,
256 2918 324 2963 non
347 2896 455 2962 video.
500 2897 592 2962 Nam
615 2904 838 2981 praeterquam
862 2895 952 2979 quod
974 2896 1182 2980 impossibile

86 3006 146 3081 est,
168 3008 208 3067 ut
227 3018 449 3085 quacumque
471 2997 664 3064 annotanda
686 3016 839 3079 censeas,
863 2999 1083 3065 inobservata
1102 3000 1182 3068 aliis

86 3104 162 3183 sint,
176 3122 264 3168 nove
279 3109 443 3187 praeterea
457 3108 496 3165 ut
510 3097 617 3178 dicas,
632 3107 723 3165 recte
737 3101 848 3165 minus
863 3100 989 3177 dicere,
1003 3100 1070 3166 hoo
1091 3101 1183 3186 inep-

86 3207 253 3272 tissimum
266 3204 350 3269 mihi
364 3203 498 3269 videtur
514 3202 807 3286 vanissimnmque.
851 3203 927 3268 Nec
949 3221 1027 3267 vero
1042 3202 1182 3286 mireris,

117 3388 250 3441 lidetirr
264 3385 393 3438 salebira.
409 3385 542 3437 Giselinus
556 3399 615 3435 eum
655 3386 708 3435 rin.
718 3383 836 3436 lustltnt.
846 3383 970 3435 librorum
983 3383 1122 3435 editionem
1134 3383 1184 3435 Bs-
1266 3411 1267 3414 =

87 3464 318 3526 animadvertisset,
338 3462 486 3528 suspicatus
506 3461 568 3524 fuit,
581 3474 615 3511 ex
655 3460 734 3512 latius
756 3461 874 3524 agnoscit
895 3461 920 3513 lu
938 3461 1001 3513 Not.
1017 3461 1050 3511 sd
1069 3459 1184 3526 ejusdem

87 3559 117 3597 so
138 3539 324 3606 assumpturi
342 3538 499 3590 Prudentius
517 3543 614 3602 noster,
654 3536 747 3587 librum
772 3534 805 3585 de
827 3535 958 3587 Mortibus
979 3543 1185 3602 persecutorum.

86 3633 299 3685 susopers,qum
308 3616 615 3681 smieisprirnocommu·
655 3611 771 3662 Ulterius
795 3624 947 3675 progressus
974 3611 1107 3673 Heinsius,
1139 3609 1184 3675 qul

86 3700 230 3760 nlesrerst,
249 3708 359 3763 qumque
369 3692 501 3757 descripta
511 3692 544 3742 ab
552 3691 614 3757 ipsis
656 3684 1185 3738 esndeminsuismembrsnlsvarietatem

86 3774 201 3839 inerunt,
217 3771 375 3840 postliminio
392 3769 425 3820 sd
442 3768 561 3820 incudem
573 3782 614 3818 re·
654 3761 765 3814 offendit
781 3761 911 3826 duplicem
927 3763 1017 3811 borum
1032 3761 1184 3815 Podmstum

86 3858 188 3916 rents,
204 3847 386 3913 recognoverit
404 3845 562 3911 diligentius,
583 3858 615 3895 sc
654 3837 967 3906 perPrudentinmipsum
976 3835 1185 3902 editionem,uen

87 3927 171 3978 denuo
182 3925 295 3976 limatius
304 3921 433 3984 ediderit;
445 3920 513 3987 quod
521 3928 549 3972 et
559 3920 617 3971 aliis
655 3914 815 3982 probabilem
828 3919 936 3976 tautum,
944 3914 989 3964 sed
1000 3923 1135 3966 etcertum
1146 3923 1184 3967 st·

88 4003 247 4055 Auctoribus
265 3999 385 4063 contigit.
416 3998 484 4050 Nam
500 4005 528 4048 et
544 3997 571 4048 id
582 3997 616 4047 de
655 4007 706 4059 qne
728 3992 888 4056 exploratam
909 3989 959 4041 sibi
978 4005 1034 4040 esre
1054 3988 1184 4056 professus

87 4095 134 4131 sus
152 4074 357 4140 bienmorpbosi
383 4079 508 4124 tertstum
535 4073 617 4124 voluit
656 4069 733 4123 estin
744 4065 865 4122 Addend.
875 4067 991 4134 pluribus
1003 4067 1074 4120 locis.

87 4155 209 4220 Ovidius,
230 4142 259 4206 et
274 4149 405 4219 duplicem
424 4148 553 4201 bretsntii
572 4147 617 4200 bl·
