2752 4674
489 294 647 347 eunucu
674 294 882 345 PRUDEN'lll

316 440 544 507 Frondicomis
560 445 709 508 habitere
725 443 830 506 locis:

314 542 384 606 Ver
400 545 456 607 ubi
471 550 666 626 perpetuum
683 545 819 620 redolet,

316 645 485 729 Prataque
501 647 711 711 multicolora
725 648 817 711 latex

315 745 512 824 Quadrifluo
528 747 613 811 celer
627 765 722 811 amne
736 749 828 827 rigat.

359 848 446 913 Haec
461 851 525 913 tibi
539 868 626 912 nunc
642 849 854 927 famulentur,
871 849 929 926 ait,

315 950 445 1014 Usibus
459 952 570 1014 omnia
585 951 671 1015 dedo
688 952 766 1016 tuis.

314 1051 382 1114 Sed
397 1060 507 1115 tamen
522 1071 641 1134 aspera
653 1053 822 1117 mortifero

314 1153 433 1236 Stipite
448 1172 581 1236 carpere
596 1174 696 1236 poma
710 1159 800 1231 veto,

314 1254 383 1333 Qui
397 1257 508 1319 medio
523 1257 608 1319 viret
622 1258 655 1318 in
672 1276 819 1320 nemore.

357 1359 427 1423 Hic
443 1359 545 1423 draco
560 1357 708 1441 perfidus
722 1357 865 1421 indocile

311 1461 459 1543 Virginis
473 1463 572 1525 illicit
585 1462 762 1544 ingenium,
854 1494 856 1500 ·

311 1562 361 1628 Ut
375 1563 504 1627 socium
520 1563 716 1628 malesuada
729 1564 836 1626 virum

311 1664 474 1729 Mandere
489 1672 620 1748 cogeret
633 1684 678 1728 ex
693 1665 816 1740 vetitiS,

309 1767 393 1850 Ipsa
408 1770 480 1849 pari
496 1769 639 1850 peritura
653 1767 769 1831 modo.

354 1869 504 1952 Corpora
519 1876 634 1933 mutua
647 1868 764 1951 (nosse
779 1867 888 1946 nefas)

310 1970 394 2033 Post
407 1970 525 2051 epulas
540 1970 690 2052 inoperta
705 1968 828 2045 vident,

312 2071 476 2136 Lubricus
491 2090 578 2136 error
591 2076 625 2134 et
637 2071 784 2134 erubuit:

312 2174 476 2255 Tegmina
492 2182 569 2237 suta
583 2176 702 2255 parant
716 2171 821 2248 foliis,

310 2275 469 2340 Dedecus
483 2283 521 2339 ut
534 2275 643 2357 pudor
657 2274 829 2339 occuleret.

351 2377 497 2443 Conscia
512 2378 614 2460 culpa
628 2378 739 2442 Deum
755 2378 909 2461 pavitans

308 2479 397 2543 Sede
412 2480 470 2560 pia
484 2479 601 2561 procul
616 2479 772 2560 exigitur,

309 2580 441 2643 Innuba
455 2579 592 2644 foemina
607 2600 683 2662 quae
698 2581 816 2655 fuerat,

137 2763 242 2824 armata,
253 2763 292 2810 ndi
303 2762 460 2822 oedieogebot
476 2778 517 2812 ner
531 2768 685 2826 perpetuum
704 2770 728 2813 et
746 2779 806 2827 aqud
817 2764 898 2828 fluere
916 2769 1014 2826 mutuor
1025 2764 1154 2827 flanieem
1164 2757 1237 2826 mpi'

136 2827 329 2876 mmmdlluedat
346 2832 417 2890 prata
436 2828 548 2876 distincto
566 2830 645 2877 mediis
664 2829 778 2877 condam
790 2828 889 2892 florum.
923 2828 970 2877 ltu
987 2831 1066 2877 omnia
1080 2828 1124 2876 tidi
1142 2827 1228 2877 obtem·

135 2898 228 2953 pererit,
239 2891 315 2953 inqut
331 2892 369 2940 illi
381 2891 462 2940 Deae:
478 2907 506 2941 ed
522 2895 618 2941 medo
628 2895 659 2941 od
669 2909 736 2941 aemn
747 2899 813 2941 taum
820 2909 830 2951 ,·
845 2899 949 2942 ettamen
963 2893 1073 2954 prolitlm
1082 2907 1111 2941 ee
1121 2895 1230 2954 decerpe·

135 2955 237 3005 uuam
246 2970 277 3003 ex
294 2955 376 3005 ardore
392 2957 494 3014 letifera
510 2972 561 3020 pud
571 2962 606 3005 eet
616 2963 669 3005 enta
679 2959 705 3005 in
715 2959 790 3005 nudie
798 2958 916 3021 perndie.
952 2958 1011 3006 Turn
1021 2958 1132 3019 Serpens,
1147 2970 1230 3018 nempe

135 3021 226 3068 demon
245 3020 357 3083 perfidae,
372 3022 462 3084 decepit
472 3023 530 3070 Ecce
548 3021 669 3083 ingenium
684 3022 844 3084 inobsequens,
859 3028 885 3071 eet
901 3023 961 3070 mlo
978 3021 1073 3070 coneilio
1083 3020 1229 3084 conpelleret

135 3084 212 3132 mrum
222 3098 290 3133 eoem
299 3085 418 3133 Adaeum
434 3088 548 3135 comedere
559 3086 677 3145 defructu
687 3086 814 3148 prohibite,
823 3086 864 3150 qui
874 3087 920 3149 ipei
925 3085 992 3145 foret
1000 3085 1055 3148 peri
1065 3085 1148 3134 exitio.
1179 3083 1230 3134 Vre:

135 3151 289 3210 comederent,
300 3155 327 3198 ut
338 3155 483 3210 agnoceraet
502 3150 602 3199 innioem
617 3165 713 3212 corpora
730 3165 779 3199 eise
796 3153 868 3211 nude,
885 3166 937 3214 qud
952 3165 1000 3199 nee
1016 3150 1072 3199 iicet
1089 3148 1188 3209 intueri,
1203 3152 1228 3196 et

135 3212 276 3262 miserm
286 3229 311 3263 ee
322 3213 399 3272 suine
411 3214 486 3276 lapsos
500 3220 594 3276 peccato
602 3230 611 3272 ,¹
631 3214 710 3277 itaque
721 3215 819 3273 fuciunt
837 3218 974 3263 eminente
992 3229 1023 3262 ee
1030 3213 1101 3272 soliis
1116 3212 1230 3272 comite,

136 3282 163 3324 et
173 3278 302 3338 pudibundi
312 3280 416 3327 celerent
427 3280 557 3328 inhonesta.
593 3279 686 3327 &aecii
700 3279 799 3342 peceati,
816 3284 840 3327 et
852 3279 978 3340 fugientes
995 3279 1084 3337 Dan,
1100 3279 1169 3340 longe
1185 3292 1228 3325 ex·

134 3342 359 3401 ealdemixam
375 3349 463 3392 educto.
497 3344 600 3406 Mulier,
615 3358 668 3407 (μω
678 3343 811 3402 consuent
824 3343 927 3403 adiecta
944 3347 999 3392 dete
1014 3346 1145 3405 peecatum,
1162 3341 1228 3391 anie

608 3503 618 3516 ‘
629 3486 735 3538 NOTAE

167 3587 213 3632 1⁰5
232 3581 456 3645 Qudnfinamne]
474 3583 526 3634 Qui
534 3582 660 3633 dividitur
699 3582 808 3634 modunl

133 3659 158 3707 in
170 3668 280 3724 quatuor
298 3659 342 3708 illa
353 3659 465 3721 paradisi
476 3659 592 3722 flumine,
601 3674 659 3725 quar
733 3666 780 3711 lll
798 3662 912 3724 indocile]
924 3661 979 3711 Aut
986 3675 1033 3725 pro
1045 3659 1228 3724 inobsequenti

134 3733 256 3784 dieantur
276 3737 381 3800 Phison,
398 3734 477 3798 Gton,
496 3735 590 3799 Tigris,
607 3737 658 3785 Eu·
699 3745 728 3788 et
743 3739 917 3801 immorigero,
938 3745 984 3788 aut
1004 3752 1051 3802 pro
1072 3737 1179 3788 indocto
1198 3745 1228 3787 et

135 3808 249 3872 phretee.
699 3813 756 3863 rudi
767 3813 868 3877 ingenio
880 3814 975 3876 posuit,
986 3814 1057 3877 quia,
1074 3821 1141 3863 teste
1155 3813 1226 3863 drie-

167 3891 214 3935 tdu
231 3887 396 3950 emuntur]
413 3890 509 3939 Gener.
520 3902 552 3938 u.
570 3890 659 3939 ‘Prie
699 3889 789 3949 totale,
801 3886 874 3938 bona
886 3895 955 3939 artes
966 3890 992 3938 in
1003 3889 1114 3939 foeminis
1123 3889 1167 3939 vix
1179 3904 1220 3940 re·

134 3962 258 4025 cepitque
278 3963 350 4011 Deus
370 3963 465 4014 homini
493 3964 600 4015 dicem:
616 3966 656 4014 Ex
698 3964 842 4027 periuram.

133 4039 201 4087 omni
213 4038 282 4100 ligno
293 4039 406 4103 paradisi
419 4042 534 4099 comede,
545 4041 578 4092 de
589 4042 659 4105 ligno
731 4042 778 4088 128
796 4038 899 4102 lenate]
910 4040 973 4089 Viro
982 4053 1033 4090 uon
1041 4045 1098 4090 erat
1104 4040 1228 4104 subjecte

133 4119 217 4164 autem
237 4113 353 4165 scientiar
373 4114 433 4164 boni
449 4121 477 4164 et
493 4116 555 4166 meli
566 4130 599 4166 ne
617 4129 659 4165 co·
699 4123 916 4182 antepeccatnm,
927 4116 971 4167 sed
989 4118 1059 4168 racia
1070 4125 1099 4168 et
1113 4119 1226 4168 omnium
