2752 4674
148 281 193 346 84
596 293 803 344 ranarum.

152 445 198 508 sit
211 441 360 520 mutilus,
374 440 440 504 boc
454 443 563 504 tamen
578 458 650 521 prae
673 440 792 504 ceteris
813 438 924 517 babet,
946 439 1041 523 quod
1061 459 1138 506 cnm
1162 445 1248 508 anti·

151 545 325 628 quioribns
340 542 439 619 Mes,
455 561 496 605 ac
515 540 708 604 nominatim
731 561 806 605 cum
831 541 1044 607 celeberrimo
1058 545 1249 609 vetustissi-

150 666 275 730 moque
304 646 376 723 illo,
400 645 456 728 qui
490 644 689 727 Ratisponae
723 643 756 705 in
782 643 819 706 S.
842 642 1009 708 Emerami
1033 645 1248 710 Bibliotheca

152 747 322 831 qnondam
348 747 599 823 asservabatur,
623 746 767 810 collatus
790 745 1044 827 diligentissime
1070 746 1182 825 suerit,
1206 767 1247 811 ac

149 851 276 934 oppido
292 851 466 916 convenire
481 850 650 924 inventus,
664 848 694 911 si
709 849 840 931 aliquas
855 848 952 931 parvi
967 849 1128 913 momenti
1140 850 1248 914 varie·

149 957 236 1016 tates
259 952 424 1035 excipias·
469 948 511 1015 Id
537 949 574 1011 in
598 946 706 1011 fronte
728 946 869 1012 Codicis
893 949 1063 1015 annotavit
1086 947 1244 1017 Paloan.

148 1048 272 1116 Anton.
288 1051 464 1117 Mariettns
478 1069 531 1114 an.
553 1048 651 1113 1618.
667 1048 711 1112 ad
726 1069 824 1133 quem
839 1048 956 1114 Codex
971 1051 1035 1113 iste
1050 1052 1246 1134 pertinebat

149 1151 262 1236 Atque
276 1153 365 1217 hunc
380 1151 516 1235 quidem
539 1149 701 1214 codicem
727 1152 811 1215 tanti
835 1151 919 1215 secit
945 1151 1057 1217 Nicol.
1075 1153 1245 1233 Antonius

151 1254 241 1318 Bibl.
256 1254 323 1319 loc.
340 1274 418 1337 sup.
442 1253 513 1330 cit,
537 1258 573 1317 nt
596 1255 629 1316 in
652 1253 744 1317 votis
767 1254 833 1318 sibi
847 1274 922 1318 esse
938 1255 1074 1332 dixerit,
1089 1254 1163 1319 dari
1186 1257 1247 1320 ali·

149 1375 259 1438 quem,
281 1358 339 1439 qui
353 1356 502 1421 studiose
517 1355 759 1438 diligenterque
774 1355 936 1421 codicem
952 1358 1179 1440 perlustraret,
1195 1379 1246 1423 ra-

153 1463 207 1520 tus
235 1458 271 1520 id
293 1458 329 1521 in
351 1459 515 1540 ingentem
541 1456 664 1521 Polites
682 1461 785 1523 nostri
806 1459 987 1523 utilitatem
1009 1458 1246 1523 derivatnrum.

148 1556 184 1623 N
185 1578 225 1623 eo
239 1578 319 1623 vero
334 1561 587 1643 praetereundus
611 1567 665 1624 est
687 1559 820 1640 codex,
836 1564 923 1625 inter
937 1559 1143 1625 Uram-vat,
1157 1580 1246 1627 num.

146 1659 224 1725 666.
248 1680 350 1744 quem
376 1662 486 1727 Lucas
511 1660 714 1726 Holstenius
733 1661 852 1728 laudat
875 1662 1020 1726 Dissert.
1043 1660 1086 1726 de
1101 1661 1246 1727 Veribus

138 1760 270 1826 -Diauae
286 1762 464 1845 presiae3
486 1781 565 1827 narn
587 1764 668 1828 licet
687 1766 933 1847 posterioribus
946 1763 1150 1846 temporibus
1164 1785 1245 1832 exa·

137 1870 242 1930 -ratus
256 1865 312 1943 sit,
322 1864 522 1930 nitidissime
531 1871 687 1929 tamenet
702 1867 872 1948 eleganter
881 1865 1062 1930 admodum
1074 1869 1245 1952 conscrip-

138 1970 201 2030 tus
216 1973 280 2044 est,
294 1969 329 2030 in
342 1985 540 2049 pergamena
554 1968 908 2048 expolitissimacnm
928 1967 1039 2030 literis
1062 1967 1246 2033 initialibus

145 2067 251 2131 minio
264 2072 299 2132 et
311 2086 391 2131 auro
413 2068 595 2150 expressis,
618 2087 659 2132 ac
675 2067 788 2149 figuris
803 2069 992 2152 aliquorum
1009 2067 1245 2152 Martyrum

146 2166 329 2233 Prudentia
342 2168 596 2245 celebratorum,
620 2167 896 2233 artificiosissime
921 2170 1114 2235 elaboratis.
1149 2171 1245 2235 ,Lon-

147 2290 226 2353 gum
239 2277 330 2336 esset
343 2272 482 2336 forsitan
496 2277 532 2334 et
546 2290 831 2354 supervacaneum
855 2271 897 2335 da
922 2272 1043 2336 ceteris
1068 2272 1243 2356 incompa-

143 2374 259 2439 rabilis
272 2373 372 2458 hujus
387 2372 611 2438 Bibliothecae
625 2371 711 2437 Mss.
727 2371 898 2437 Prudentii
922 2371 1029 2436 Codd.
1053 2373 1244 2454 singillatim

146 2475 325 2566 disserere.
368 2473 449 2539 Hoc
477 2481 567 2538 certe
598 2472 753 2537 affirmari
781 2492 882 2555 posse
907 2472 1047 2549 videtur,
1077 2475 1243 2539 consultis

139 2575 339 2660 jampridem
354 2594 413 2657 per
426 2573 609 2639 Weitzinm
630 2582 666 2638 et
687 2574 868 2639 Heinsium
890 2573 1089 2653 codicibus,
1104 2573 1244 2641 Vatica-

135 2695 263 2740 -norum
277 2675 377 2740 modo
392 2677 589 2740 accessione
602 2676 704 2751 sacta,
728 2675 809 2739 nibil
835 2676 928 2740 aliud
950 2676 1014 2740 bac
1031 2675 1066 2739 in
1080 2684 1176 2759 parte
1194 2697 1243 2741 re·

134 2777 264 2861 linqui,
279 2776 372 2860 quod
388 2778 433 2841 sit
447 2797 650 2860 magnopere
667 2777 935 2842 desiderandum.
960 2852 963 2859 ¹
980 2776 1021 2842 Id
1036 2778 1241 2860 quodetiam

134 2879 245 2944 nobis
258 2880 292 2942 in
307 2897 413 2942 causa
424 2878 501 2957 fnit,
515 2885 554 2942 ut
575 2877 691 2944 Vatic.
715 2876 901 2942 codicibus
916 2876 1136 2962 perlustratis,
1153 2880 1241 2945 alios

134 2999 214 3044 non
236 2980 487 3062 requireremus.
532 2978 685 3045 ceterum
710 2980 751 3044 de
776 2988 892 3044 nostro
919 2981 953 3044 in
978 2981 1021 3044 iis
1045 2981 1242 3046 evolvendis

134 3083 269 3158 labore,
284 3100 326 3146 ac
340 3082 463 3160 strrdio,
478 3082 585 3164 deque
608 3082 719 3147 fructu
741 3083 902 3165 praesenti
918 3083 997 3146 buic
1011 3082 1162 3147 Editioni
1178 3086 1238 3149 ob·

144 3190 294 3261 venturo,
318 3184 467 3249 nonnihil
490 3184 597 3250 iufra:
634 3183 735 3248 modo
764 3184 950 3263 Editiones,
975 3203 1052 3267 quse
1071 3192 1240 3268 spectant,

134 3285 328 3355 rideamus.

581 3500 741 3568 CAPUT
762 3501 807 3566 V.

555 3635 607 3702 De
621 3634 827 3704 Editionibm.

144 3793 411 3857 Munrrrnrons
427 3789 602 3857 Prudentii
627 3791 772 3876 Operum
795 3791 980 3869 Editiones,
1005 3786 1143 3874 inipso
1168 3798 1241 3857 sta·

131 3894 203 3958 tim
218 3893 486 3978 Typographicae
499 3895 579 3960 artis
594 3895 690 3960 initio
704 3896 887 3971 adornatae,
901 3913 941 3958 ac
955 3901 1074 3976 postea
1087 3893 1240 3976 pluribus

144 3997 179 4059 in
202 3995 288 4059 locis
303 3996 467 4077 repetitur,
491 4003 615 4079 quanta
640 3996 877 4082 fuerintbujus
900 3996 1081 4079 Scriptoris
1104 3993 1239 4079 legendi

142 4094 257 4164 studia
269 4096 451 4162 declarant
496 4097 651 4163 Omnium
673 4099 906 4182 antiquissima
924 4097 999 4182 jure
1021 4097 1166 4161 babetur
1185 4115 1238 4173 ea,
