2752 4674
495 296 654 346 turtum!
681 298 890 375 uuuuuuuu

364 443 435 505 Sub
451 451 549 507 nocte
564 442 673 507 Jacob
689 443 849 520 coerulea,

321 544 480 610 Luctator
495 546 606 609 audax
618 543 750 625 Angeli,

323 647 374 711 Eo
390 666 496 729 usque
513 647 590 711 dum
606 648 665 711 lux
681 651 842 728 surgeret,

322 748 462 813 Sudavit
475 749 582 831 impar
596 750 758 831 praelium.

363 850 432 913 Sed
447 870 521 913 cum
532 850 633 933 juber
648 853 855 927 claresceret,

320 952 488 1036 Lapsaute
504 953 646 1016 claudus
660 955 799 1036 poplite,

322 1056 508 1137 Femurque
523 1056 629 1118 victus
643 1055 765 1131 debile,

318 1156 437 1239 Culpae
453 1157 600 1237 vigorem
614 1155 776 1237 perdidit.

364 1259 517 1322 Nutabat
533 1259 648 1339 inguen
666 1259 829 1333 saucium,

317 1362 405 1441 Quae
422 1364 568 1443 corporis
583 1381 661 1443 pars
678 1363 786 1438 vilior,

317 1464 496 1546 Longeque
512 1465 575 1525 sub
591 1463 698 1525 cordis
712 1462 789 1526 loco

317 1566 435 1630 Diram
447 1565 537 1628 fovet
550 1564 734 1627 libidinem.

360 1667 428 1731 Hae
444 1686 504 1729 nos
520 1664 641 1728 docent
655 1664 830 1745 imagines,

318 1768 500 1832 Hominem
515 1767 659 1829 tenebris
676 1765 835 1841 obsitum,

316 1868 355 1933 Si
368 1869 453 1933 sorte
468 1887 534 1931 uon
549 1867 648 1930 cedat
663 1867 753 1943 Deo,

316 1968 416 2034 Vires
430 1968 576 2031 rebelles
591 1968 735 2049 perdere.

358 2069 431 2133 Erit
445 2074 551 2132 tamen
567 2068 706 2142 beatior,

318 2171 548 2254 intemperans
563 2170 748 2234 membrum
764 2170 819 2234 cui
1196 2173 1239 2238 9ο

143 2395 235 2456 Angeia
250 2409 293 2458 per
311 2400 401 2444 noctem
418 2391 521 2456 nigram,
541 2400 611 2456 atque
633 2393 710 2455 impar
727 2391 817 2440 niribtn
838 2391 961 2453 bbaranit,
981 2394 1057 2454 quoad
1070 2393 1104 2440 at
1122 2398 1238 2452 urgeret.

143 2460 192 2507 Sed
203 2461 245 2508 cix
254 2474 339 2508 aarum
350 2458 443 2507 reduxit
460 2459 561 2518 diem,it
576 2459 672 2506 claudun
688 2457 798 2506 rucciduo
815 2458 912 2521 poplite,
923 2463 947 2506 et
959 2458 1094 2517 debellatas,
1113 2458 1237 2505 coxendice

136 2524 228 2584 fracta,
246 2523 326 2571 amitit
341 2524 411 2580 niret,
427 2522 509 2582 quibat
527 2524 586 2570 male
602 2521 718 2569 utebatur.
752 2520 844 2582 Inguen
865 2536 922 2584 parc
936 2521 1071 2579 soedicaima
1092 2523 1166 2569 totins
1185 2536 1237 2568 car·

139 2588 214 2648 poro,
224 2593 247 2635 et
253 2586 339 2644 scaena
348 2588 416 2645 louge
433 2599 447 2630 a
462 2589 516 2633 aede
532 2587 608 2631 cornu
621 2592 713 2644 turpem
728 2586 878 2645 uoluptatem,
900 2585 1013 2634 titubabat
1025 2586 1146 2634 obaubitu
1156 2600 1236 2647 accep·

142 2657 200 2698 tum.
235 2651 286 2698 Noa
296 2650 425 2709 colliguntur
444 2663 474 2695 ex
491 2648 533 2694 boc
552 2647 655 2706 exemplo
674 2647 734 2694 niret
751 2646 848 2695 rebelles
863 2648 963 2695 turmale
975 2651 1079 2708 jacentia
1096 2648 1237 2698 intenebris

140 2715 230 2776 peccati
246 2714 358 2774 infringi,
377 2713 425 2760 nini
438 2711 504 2769 sor-tc
523 2716 594 2760 cenet
612 2724 718 2772 pugnare
728 2715 810 2760 contra
831 2711 919 2761 Deum.
952 2712 1066 2761 Attamen
1076 2714 1116 2761 tue
1126 2714 1172 2762 erit
1184 2714 1236 2762 bea·

139 2986 306 3049 antiquiores,
323 2985 417 3060 Waltz.
435 2984 481 3045 ug.
493 2983 527 3034 ll.
539 2991 567 3058 et
577 2982 609 3032 G.
621 2983 690 3058 ouria
701 2996 753 3031 rec.
765 2983 848 3045 praetr'o
864 2984 905 3031 W.
916 2984 947 3032 B.
959 2985 1104 3046 vulg-⁷8
1120 2985 1232 3036 Laenate

141 3049 217 3101 Gold.
240 3051 307 3100 uude
328 3051 423 3100 Wertz.
444 3063 478 3097 ex
493 3062 562 3112 conj.
585 3048 651 3110 legit
669 3046 853 3097 laxante-8³
869 3049 920 3098 luco
942 3051 990 3112 Eg.
1012 3049 1229 3109 P.—93sucmnt

629 3207 741 3259 NOTAE

169 3313 201 3357 78
216 3306 302 3369 Jacob]
318 3305 401 3356 leanci
413 3304 480 3355 filias
492 3313 520 3356 et
532 3306 665 3357 Rebeccae.
705 3305 774 3356 latu!
806 3306 840 3355 Et
852 3307 878 3355 in
888 3306 1038 3371 Apotheorl,
1047 3309 1055 3335 ‘
1065 3308 1235 3360 Crudnacon·

136 3383 442 3445 laaucnrrexngenarinr,
458 3383 665 3447 conjuginrteci·
707 3383 765 3429 riva
795 3381 901 3430 renudat
930 3383 1084 3445 Congerlem
1115 3387 1232 3436 ventrio!

136 3459 211 3507 litate
222 3459 341 3521 precibus
353 3458 475 3520 dlicuom,
491 3459 605 3520 geminos
616 3456 665 3505 till·
705 3456 809 3520 Hymno
824 3455 851 3505 in
869 3458 983 3522 exequlir
999 3457 1127 3519 defuncti,
1143 3461 1233 3523 ‘Mor-

136 3533 378 3593 oreaeaauaceplt
397 3533 464 3579 Ereu
483 3537 511 3580 et
526 3532 662 3588 Jacoburn,
704 3531 750 3580 bur
773 3539 901 3582 tormenta
923 3532 1065 3595 renudnna,'
1092 3541 1169 3599 atque
1194 3539 1234 3586 itt

137 3623 203 3657 auno
214 3615 275 3656 ante
288 3607 418 3657 Christum
430 3610 503 3655 1876.
702 3607 796 3670 pterim
808 3608 914 3657 Noster.

178 3689 211 3733 76
228 3684 331 3734 Seducit
351 3684 427 3745 impar
453 3681 574 3746 melium]
602 3683 661 3733 Nou
733 3688 765 3733 77
782 3684 830 3733 Sed
846 3699 898 3732 cum
910 3683 995 3747 jubar]
1016 3685 1047 3735 Id
1068 3693 1151 3737 totum
1169 3690 1231 3752 legl-

131 3759 223 3821 proelio.
261 3758 338 3822 Apud
361 3758 529 3809 Claudianum
555 3758 660 3822 Nuptiis
702 3775 758 3810 rnna
771 3761 867 3809 Genea.
881 3773 975 3810 mur.
993 3763 1036 3812 ubi
1052 3763 1232 3818 dlacimutJa·

135 3834 244 3883 Houoril
263 3834 330 3895 Aug.
345 3836 429 3888 ‘Qun
447 3835 537 3899 praelia
557 3835 662 3885 audui’
701 3835 794 3885 eobnm
809 3833 961 3884 redeuntem
979 3851 1012 3884 ex
1030 3838 1230 3903 Mesopotamia,

133 3911 169 3959 Et
180 3910 339 3960 Prudentius
352 3911 377 3959 id
390 3911 495 3961 verbum
513 3910 661 3976 frequenter
701 3925 759 3960 cum
768 3911 880 3959 venierat
891 3911 923 3960 ad
935 3913 1018 3962 locum
1030 3929 1106 3978 quem
1116 3917 1172 3980 ipre
1185 3931 1230 3967 ro-

134 4001 194 4037 curu
205 4000 268 4035 casu
281 3994 372 4050 quarto
383 3988 525 4049 conjungit.
558 3987 661 4050 Hymao
700 3987 770 4036 cavit
796 3985 921 4044 Phanuel,
945 4002 993 4052 per
1019 3997 1101 4041 totam
1123 3999 1228 4045 nontam

133 4062 252 4126 proximo
267 4063 364 4110 ‘Mella
376 4063 451 4111 radat
464 4077 554 4110 recem
568 4061 661 4112 launa!
700 4075 829 4126 pugnante
841 4077 900 4113 eum
911 4063 1023 4128 Angelo.

133 4139 284 4207 Etllymuo
302 4144 387 4200 sexto,
400 4136 549 4189 tRerudare
569 4150 660 4200 crapu-
