2752 4674
225 944 228 952 ·
328 895 1035 1023 PRAEFATIO.

484 1282 547 1347 [nx
573 1263 635 1334 ao?
653 1285 769 1338 usam.
795 1287 882 1375 usa]

139 1571 302 1671 Oanrmo
340 1626 422 1673 sans
460 1604 617 1687 consilio,
649 1609 770 1676 eruditi
797 1594 1042 1696 prudentesque
1082 1615 1230 1679 veterum

138 1703 322 1774 laetorum
345 1707 500 1777 Editores
521 1709 682 1776 nonnulla
708 1710 845 1794 praefari
872 1717 1087 1790 cousuartmt,
1109 1717 1148 1779 ut
1171 1710 1231 1795 qui

136 1809 312 1892 qualisque
341 1808 451 1892 suerit,
481 1810 578 1894 cnjus
605 1830 709 1893 opera
730 1814 867 1897 vulgant
887 1821 1134 1898 exornantque,
1161 1831 1230 1897 quo

136 1926 208 1974 aevo
222 1910 382 1988 lloruerit,
397 1927 497 1994 quam
511 1908 578 1972 sibi
591 1908 739 1974 vindieat
752 1911 875 1993 ingenii
885 1914 1079 1979 scientiaeve
1092 1913 1230 1991 samam,

136 2009 268 2095 aliaque
297 2009 494 2094 hujusmodi
521 2016 767 2094 pernotascant.
820 2011 1008 2080 Plurimum
1038 2013 1127 2080 euim
1156 2013 1231 2083 hec

136 2111 307 2177 conserunt
328 2112 462 2190 lectori,
486 2129 528 2177 ac
549 2130 611 2194 pro
626 2112 806 2179 continenu'
822 2114 1004 2199 amploque
1019 2113 1231 2183 Οοωιιιοιιῑα-

135 2212 184 2277 rio
204 2213 322 2280 haberi
346 2219 502 2296 possunt3
528 2218 563 2278 et
589 2212 709 2280 mirom
732 2221 860 2298 quanto
885 2216 953 2282 sint
974 2201 1165 2303 anumen'to
1187 2217 1232 2283 ad

135 2310 293 2383 Auctoris
321 2319 474 2392 mentem,
501 2313 640 2398 eiusque
672 2313 948 2383 lucubrationum
980 2317 1231 2399 intelligentiam

136 2416 390 2501 assequendam.
433 2414 528 2483 Hinc
542 2415 668 2483 iactum
690 2414 852 2496 videmos,
876 2425 916 2482 ut
933 2416 1047 2502 stipsi
1062 2414 1243 2509 tile-norrox

136 2536 305 2585 mmmm
316 2519 510 2604 paginarum
525 2508 726 2602 Scriptores,
749 2518 842 2587 initio
855 2512 992 2586 suarum
1006 2526 1067 2585 aut
1081 2517 1232 2604 Prophe·

86 2642 89 2647 ·
136 2620 266 2698 tiorum,
281 2627 342 2688 ant
355 2617 554 2694 literarum,
569 2623 628 2684 aut
642 2618 832 2697 librorum,
842 2620 968 2685 similia
981 2626 1099 2685 notare
1115 2619 1233 2707 dodig-

135 2722 204 2788 nati
233 2721 370 2787 minimo
399 2720 476 2787 sint.
521 2717 645 2804 Operae
668 2718 771 2802 igitur
793 2721 937 2803 pretium
962 2718 1035 2800 erit,
1057 2721 1230 2807 uostdque

136 2825 282 2890 umeris
306 2823 350 2888 ad
370 2820 652 2906 praestantissima
673 2819 850 2890 Prudentii
864 2820 992 2907 Opera,
1011 2839 1090 2906 quae
1112 2822 1232 2892 iterum

135 2924 224 3010 typis
244 2922 378 2992 odanda
400 2943 443 2989 ao
470 2922 669 2989 illustranda
690 2923 914 3009 suscepimus,
936 2924 1001 2991 hoo
1026 2921 1232 2993 Preuuons

135 3025 254 3091 lectori
267 3027 358 3093 viam
373 3033 521 3092 stomaro
543 3034 645 3110 atque
666 3026 805 3104 munire,
827 3025 862 3090 in
887 3024 1013 3111 quade
1028 3023 1232 3093 celeberrimi

136 3124 258 3194 Poste
266 3127 351 3204 vitu,
366 3126 512 3206 dotibus,
527 3125 675 3209 scriptis,
686 3125 817 3208 elogiis,
827 3127 947 3204 naama,
957 3125 1061 3197 variis
1075 3126 1232 3193 editioni·

136 3228 210 3310 bus,
225 3229 332 3316 deque
340 3227 486 3313 hujusce
497 3232 621 3296 nosue
634 3226 790 3294 methodo
804 3234 907 3312 atqua
926 3226 1073 3295 utilitate
1089 3225 1233 3293 dissere·

135 3349 221 3398 mus.
272 3329 359 3397 Inde
387 3327 538 3415 profesto
565 3347 679 3393 omnes
707 3327 903 3412 intelligent,
932 3326 1052 3411 quanti
1080 3327 1231 3406 habitus,

136 3430 315 3516 quantique
341 3428 515 3498 laniandus
539 3429 586 3499 sit
611 3427 805 3515 hujusmodi
828 3426 975 3509 Auctor;
995 3446 1162 3513 quamque
1188 3429 1231 3495 da

135 3535 268 3616 pietate,
283 3531 325 3596 da
339 3531 509 3613 religione,
531 3529 574 3595 de
591 3527 785 3609 eruditione,
800 3528 844 3594 de
868 3527 1027 3594 Historia
1041 3527 1232 3593 Ecclesias-

137 3635 205 3699 tica
219 3633 440 3700 benemeritus
451 3631 572 3713 inerit3
586 3633 634 3697 ita
647 3637 684 3695 ut
697 3631 819 3715 pudere
833 3630 1011 3717 plerosque
1022 3627 1233 3694 Christiano-

136 3755 204 3803 rum
219 3734 354 3812 debeat,
377 3732 413 3799 in
435 3733 576 3819 impuris
590 3732 806 3819 profanisque
820 3728 1008 3798 Poetisdiu
1023 3729 1230 3814 multumque

136 3843 298 3913 vasatos,
311 3835 400 3901 huno
411 3855 453 3899 ne
465 3837 566 3901 semel
580 3835 717 3920 quidem
728 3834 896 3916 attigisse,
915 3832 959 3897 ab
969 3830 1071 3916 eujus
1085 3831 1230 3896 leudona
1273 3859 1282 3873 =

136 3958 200 4002 non
217 3935 415 4007 eruditiores
439 3944 580 4017 tautum,
606 3934 785 4003 sedetiam
808 3934 1030 4021 religiosiores
1053 3933 1230 3997 discessis·

135 4050 221 4107 sant.
267 4034 341 4104 uec
354 4036 430 4121 jam
450 4037 706 4124 improbandum
728 4035 834 4106 videri
854 4038 978 4122 poterit
992 4034 1229 4103 eorum-oonsi-
