2752 4674
580 328 786 377 rnnrn'rro.
1190 316 1235 381 35

139 489 213 553 quse
229 471 424 537 Deventriae
440 471 575 556 prodiit,
602 491 654 535 an.
668 472 768 536 1472.
784 472 829 548 4.,
848 469 946 553 cujus
960 469 1072 536 Aldus
1086 473 1232 555 ignarus,

137 590 232 636 suam
247 593 302 638 un.
318 575 412 638 1501.
439 581 598 657 tanquam
612 576 758 638 omnium
780 575 921 655 primam
935 593 1105 658 perperam
1118 576 1234 640 vendi·

137 676 271 739 teritio
292 676 458 759 Epistnd
474 677 608 741 Daniel.
624 676 775 740 Clarium
798 676 1005 740 Parmenio
1028 676 1119 741 Urbe
1142 677 1234 742 Rha·

135 779 336 841 eusebonas
350 777 466 842 literas
477 778 610 860 publice
626 776 837 861 profitentem
851 797 860 857 ;
883 779 916 840 in
932 796 999 859 qua
1018 779 1115 843 etiem
1132 785 1233 844 testa·

134 885 185 942 tur
200 879 246 944 nd
260 879 360 944 fidem
381 881 684 944 vetustissimorum
711 880 981 943 Britannicorum
1005 878 1113 944 Codd.
1137 883 1180 946 ab
1197 900 1234 945 se

135 981 315 1045 editionem
344 980 437 1044 illam
466 983 662 1063 castigatam
688 981 801 1045 fuisse.
846 980 970 1045 Victor
998 982 1171 1047 Giselinus
1201 986 1234 1048 in

134 1081 312 1146 Animadr.
327 1083 369 1145 ad
384 1082 688 1166 psychomachiam
703 1083 789 1147 dues
808 1082 981 1149 Prudentii
999 1084 1140 1149 Aldinae
1155 1084 1235 1149 Edi·

134 1182 245 1247 tiones
272 1190 519 1261 commemorat,
543 1183 800 1266 collaudatque;
824 1204 898 1248 cum
926 1205 986 1249 ees
1003 1191 1112 1250 tamen
1135 1188 1236 1252 certis

135 1285 387 1350 characteribus
411 1286 548 1349 minime
577 1287 737 1368 designet,
763 1287 798 1351 id
821 1307 897 1351 eum
922 1287 1023 1369 gratis
1048 1290 1235 1353 asseruisse

135 1386 272 1470 scripsit
285 1385 449 1450 Heinsius
464 1387 498 1449 in
521 1386 623 1451 Praei.
642 1388 686 1452 ad
702 1388 848 1467 Lecton,
864 1391 898 1452 in
914 1408 981 1473 qua
996 1390 1120 1454 nullam
1135 1390 1235 1455 aliem

136 1488 292 1569 agnoscit
309 1486 389 1551 Aldi
415 1487 617 1565 Editionem,
643 1497 766 1571 praeter
786 1510 886 1554 unam
910 1510 964 1554 en.
981 1491 1079 1556 1502.
1093 1489 1185 1574 quod
1202 1496 1238 1554 et

136 1587 234 1653 Belio
248 1589 361 1652 visum
376 1594 429 1653 est
443 1589 478 1653 in
500 1589 618 1655 Lesic.
641 1598 682 1653 ut
703 1610 779 1671 sup.
826 1591 1000 1654 Immerito
1014 1597 1124 1653 tamen
1137 1592 1238 1653 utris-

138 1710 213 1774 que.
259 1688 395 1755 Certum
410 1690 1106 1772 00100110010101000001101010000000
1122 1698 1238 1754 extare

137 1793 178 1855 ab
194 1791 287 1856 Aldo
302 1791 457 1856 Venetiis
473 1798 621 1855 curatam
637 1790 816 1854 Prudentii
841 1789 1033 1854 Editionem
1048 1792 1128 1854 anni
1142 1791 1238 1854 nimi-

133 1912 207 1969 ,rum
216 1892 316 1957 1501.
333 1895 365 1956 4.
377 1910 494 1975 parvo,
506 1892 662 1967 rotundo,
674 1910 714 1954 ac
726 1891 837 1955 nitido
848 1891 1054 1968 charactere,
1064 1912 1168 1975 quam
1182 1892 1238 1957 hic

138 1995 220 2058 meis
245 1994 353 2058 oculis
379 1994 534 2076 pluribus
557 1994 591 2057 in
619 1993 840 2057 Bibliothecis
870 1993 952 2071 vidi,
982 2013 1023 2058 ac
1051 1993 1240 2076 frequenter

138 2096 259 2160 evolvi.
304 2083 435 2160 Praeter
463 2095 639 2159 Prudentii
667 2094 792 2178 Opera,
830 2097 980 2160 continet
1006 2097 1081 2161 haec
1110 2095 1238 2173 Editio,

140 2195 301 2280 Prosperi
317 2197 579 2279 Epigrammata,
594 2195 695 2260 Joan.
720 2197 936 2275 Damasceni,
960 2196 1093 2262 Cosmee
1119 2197 1240 2263 Hiero-

140 2297 341 2381 solymitnui,
353 2296 464 2362 Murci
477 2296 539 2379 Ep.
552 2295 712 2375 Idrontis,
727 2305 761 2361 et
774 2296 992 2379 Theophanis
1003 2297 1103 2364 Cant.
1119 2299 1240 2366 Graeoe

140 2408 174 2464 et
185 2400 262 2465 hat.
290 2398 384 2478 Quin
398 2399 553 2464 inCatsl.
563 2398 728 2463 Biblioth.
744 2399 872 2463 clariss·
889 2398 1092 2482 Vulpiornm
1104 2401 1240 2466 Patavii

141 2503 291 2584 volgato,
317 2500 443 2566 Aldina
468 2501 644 2566 Prudentii
668 2501 783 2566 Editio
809 2503 974 2584 reperitur
999 2522 1074 2567 cum
1098 2502 1241 2582 Sedulii,

144 2603 310 2680 Aratoris,
328 2605 536 2686 aliorumque
549 2602 730 2668 Poetarum
751 2603 1019 2681 carminibusue
1035 2603 1241 2670 diversorum

142 2704 326 2789 Opusculis
341 2708 448 2770 sacris
470 2706 580 2770 soluta
602 2706 766 2782 oratione,
788 2706 922 2770 duobus
937 2707 1059 2769 volum.
1075 2707 1110 2769 in
1123 2707 1156 2770 4.
1171 2705 1242 2770 Ve-

140 2809 237 2872 netiis
253 2808 330 2871 eod.
345 2827 399 2871 an.
414 2807 510 2873 1501.
556 2807 785 2887 Quamobrem
796 2807 946 2889 jamnon
962 2827 1039 2885 une,
1054 2809 1109 2871 vel
1125 2807 1243 2886 alters,

141 2917 295 2993 utsupra
309 2911 368 2974 cit.
384 2916 538 2974 suctores
553 2911 702 2974 arbitrati
716 2917 808 2987 sunt,
825 2908 883 2973 sed
906 2915 972 2973 tres
993 2908 1128 2972 Aldinis
1149 2912 1243 2994 typis

142 3019 268 3076 curatae
285 3010 458 3075 Prudentii
469 3011 646 3076 Editiones
657 3012 877 3094 agnoscendae
887 3019 975 3088 sunt,
988 3031 1126 3093 quarum
1136 3013 1244 3094 prima

141 3118 175 3177 et
188 3115 294 3179 tertia
301 3133 385 3178 rarae
394 3112 585 3177 admodum.
616 3113 703 3178 Post
712 3111 858 3178 Aldinae
869 3113 1040 3177 Prudentii
1055 3112 1243 3188 Editiones,

142 3214 404 3280 Lucroniensem
432 3215 626 3298 Hispanam
656 3235 709 3279 an.
737 3215 835 3280 1512.
866 3223 1105 3279 commemorat
1128 3215 1244 3283 Nicol.

142 3314 310 3381 Antonius
333 3317 423 3381 Bibl.
439 3315 542 3400 Hisp.
558 3323 580 3379 1.
597 3333 622 3382 1.
640 3317 657 3400 ᾖ
672 3318 748 3383 104.
764 3319 807 3381 ab
835 3316 1048 3381 Nebrissensi
1065 3322 1189 3394 curata,
1204 3316 1246 3380 de
1319 3350 1333 3378 s

143 3438 210 3502 quo
223 3418 319 3483 intra.
363 3418 442 3483 Jsm
457 3437 535 3483 vero
552 3437 608 3481 an.
623 3419 717 3484 1527.
730 3417 881 3483 Basilese
890 3415 1081 3500 prodierunt
1096 3416 1246 3481 Pruden-

144 3522 180 3585 tii
189 3519 306 3604 Opera
316 3521 350 3583 in
360 3520 392 3585 8.
402 3520 491 3603 apud
504 3519 723 3585 Cratandrum
733 3541 810 3586 cum
825 3519 973 3585 Scholiis
983 3518 1147 3594 Sichardi,
1158 3518 1244 3583 adeo

144 3621 417 3705 infrequentibus,
440 3627 475 3685 ut
495 3623 617 3687 nullius
643 3625 744 3688 ferme
762 3623 925 3686 momenti
951 3622 1035 3685 sint:
1067 3626 1100 3682 et
1124 3620 1245 3682 iterum

145 3723 225 3788 ibid.
241 3723 332 3807 apud
355 3724 541 3788 Henricum
565 3725 660 3790 Petri
684 3744 736 3790 an.
765 3725 862 3790 1562.
886 3722 1004 3787 eadem
1026 3720 1145 3798 forma,
1172 3741 1248 3786 cum

146 3823 227 3889 Not.
243 3824 401 3907 praedicti
416 3824 580 3904 Sichardi,
594 3825 718 3890 iacobi
743 3825 895 3908 Spigelii,
910 3831 943 3887 et
969 3823 1121 3887 Erasmiz
1148 3831 1249 3905 atquc

145 3924 246 4008 hujus
261 3934 297 3990 et
312 3925 467 3989 Sichardi
490 3925 646 4005 Scholiis,
670 3925 823 4008 Lugduni
838 3924 935 3989 1553.
958 3923 989 3988 8.
1034 3924 1113 3988 Nou
1137 3926 1249 3993 omnia

147 4033 256 4091 tumen
285 4025 462 4091 Prudentii
490 4027 601 4110 Opera
631 4028 802 4112 Spigelius
834 4034 1074 4092 commentatus
1100 4036 1164 4102 est,
1191 4027 1250 4095 sed

148 4132 275 4197 tentum
301 4128 428 4213 Hymn-
452 4128 600 4201 cathem.
616 4146 671 4199 rx.
698 4130 809 4200 omnis
833 4131 938 4211 horse,
951 4129 1096 4215 {propter
1114 4129 1249 4195 nimian
