2752 4674
583 331 789 379 unnuarro.
1188 319 1234 382 43

137 474 241 550 ambo,
262 492 352 556 quos
372 482 452 558 post
473 473 570 556 hujus
595 474 713 538 saeculi
735 474 890 550 medium,
913 477 1091 541 immatura
1128 487 1236 543 morte

137 578 203 639 cito
224 575 323 638 nimis
346 581 490 657 ereptos,
515 576 727 639 vehementer
750 575 859 639 doluit
882 598 957 642 cum
979 579 1127 645 Oratorii
1144 582 1233 646 (lon-

136 677 296 760 gregatio,
311 684 380 740 tum
393 677 569 741 universus
583 678 753 741 literatius
769 679 871 741 orbis.
917 679 977 743 llle
993 680 1034 745 de
1044 700 1134 747 nova
1147 683 1232 748 Pru-

135 779 237 843 dentii
258 779 415 843 Editione
434 780 611 862 cogitarim
626 781 737 844 omnia
753 778 874 846 Poetae
891 781 1017 865 Opera,
1032 792 1154 866 praeter
1169 784 1234 850 Pe·

136 881 356 964 ristephanon,
386 903 462 946 cum
492 883 599 945 tribus
626 879 707 945 vat.
735 879 852 945 codic.
879 882 978 947 bonis
1008 886 1135 968 utique,
1167 906 1233 951 non

136 990 244 1048 tumen
269 983 566 1067 praestantioribus,
593 981 791 1059 contulerat,
822 1003 862 1047 ac
886 983 1068 1050 Variantes
1098 993 1234 1052 annota-

136 1092 241 1162 verat,
256 1104 332 1168 quae
355 1084 436 1147 mihi
459 1085 725 1157 communicatae,
747 1085 935 1168 improbum
950 1088 1233 1153 molestissimum·

136 1207 199 1270 que
233 1185 420 1251 conterendi
441 1186 592 1249 laborem
614 1186 824 1267 minuerunt3
847 1208 924 1252 cum
948 1191 1036 1252 enim
1066 1191 1118 1254 rit
1138 1202 1231 1257 esset

138 1289 285 1353 omnium
307 1288 596 1370 diligentissimus,
617 1295 742 1352 cuncta
763 1287 905 1354 fideliter
927 1296 1149 1375 accurateque
1176 1313 1234 1358 an·

136 1401 276 1455 notasse
299 1390 519 1455 dubitandum
534 1409 599 1453 non
615 1395 696 1453 erut.
742 1390 784 1455 P.
801 1396 910 1455 autem
926 1412 947 1456 a
961 1392 1084 1470 Puteo,
1101 1414 1176 1458 cnm
1198 1405 1233 1460 et

135 1495 207 1577 ipse
232 1492 406 1558 Prudentii
426 1492 539 1575 Opera
559 1492 652 1575 typis
674 1494 885 1558 committere
907 1494 1119 1573 decrevisset,
1139 1498 1234 1579 quod

139 1613 235 1658 suum
257 1594 435 1658 consilium
460 1593 552 1655 edito
576 1592 618 1655 de
644 1593 679 1655 S.
703 1594 883 1656 Laurentio
910 1598 1076 1674 opusculo
1103 1599 1233 1676 patefe-

136 1706 238 1774 cerat,
263 1695 504 1779 multiplicibus
527 1693 619 1758 adid
635 1691 754 1758 Poetae
771 1692 985 1770 editionibus,
1009 1695 1119 1777 iisque
1135 1697 1235 1760 raris·

139 1799 232 1864 simis
254 1798 479 1881 comparatis,
501 1796 667 1880 quasdam
689 1796 723 1858 in
745 1794 998 1861 Cathemerinon
1020 1798 1156 1862 notulas
1184 1799 1233 1862 in-

137 1903 328 1977 choaverat,
356 1903 420 1965 hoc
450 1917 585 1983 quoque
607 1898 816 1976 adumbrato,
842 1917 944 1981 quem
973 1901 1075 1977 tenui,
1105 1900 1234 1966 Praefa-

136 2004 238 2067 tionis
268 2002 392 2067 ordine.
436 2000 570 2065 Horum
597 1999 745 2064 omnium
775 1997 886 2062 factus
911 2019 972 2082 ego
995 2002 1177 2084 particeps,
1200 2009 1235 2068 et

136 2106 278 2189 primum
303 2105 344 2168 de
372 2103 559 2168 Christiano
587 2100 697 2165 Poeta
725 2099 856 2164 edendo
891 2101 1069 2165 consilium
1099 2102 1170 2183 inii,
1198 2108 1233 2167 et

136 2207 255 2272 iisdem
266 2206 375 2288 copiis
390 2204 534 2288 adjutus,
549 2204 719 2285 inceptum
741 2220 828 2283 opus
852 2201 894 2264 ad
918 2202 1015 2265 finem
1037 2223 1144 2285 usque
1159 2223 1233 2286 per-

138 2310 229 2375 duxi.
275 2308 391 2386 Quare
414 2308 444 2370 si
467 2304 603 2389 aliquod
619 2325 661 2367 ex
678 2323 730 2378 eo,
753 2310 792 2365 ut
813 2322 948 2385 sperare
962 2304 1053 2380 licet,
1069 2304 1231 2369 bonerum

135 2413 300 2477 literarum
316 2413 480 2474 amatores
503 2406 716 2472 commodum
731 2404 930 2486 percipient,
942 2405 985 2468 iis
998 2404 1110 2468 referri
1124 2407 1232 2489 potis·
1315 2438 1319 2444 ·

137 2515 258 2578 simum
273 2512 384 2576 debet.
427 2509 465 2573 Si
486 2509 574 2573 enim
596 2508 630 2570 in
652 2507 738 2582 haec,
761 2524 837 2587 quae
858 2511 976 2588 parata
997 2506 1040 2569 ab
1062 2507 1148 2590 ipsis
1162 2507 1233 2572 lue-

138 2622 221 2695 runt,
235 2633 301 2678 non
315 2610 520 2687 incidissem,
535 2609 577 2673 de
591 2605 821 2690 hujuscemodi
844 2625 878 2670 re
899 2625 1070 2690 nunquam
1090 2608 1234 2674 forsitan

137 2718 350 2801 cogitassem.

137 2914 229 2962 nempe
240 2902 248 2927 ⁸
258 2898 386 2948 Memorio
394 2897 420 2945 di
430 2897 457 2946 S.
467 2897 583 2946 Lorenzo
593 2896 663 2945 Mar·
704 2897 750 2946 SS.
765 2898 871 2946 Petrum
892 2895 1026 2958 Opusculn
1043 2894 1076 2942 de
1094 2894 1233 2943 Sacrorum

138 2976 203 3026 tire)
220 2970 665 3024 Romarruu‘istoriadeuaviu
704 2973 884 3022 Ministrorum
913 2969 1022 3020 Officiis.
1045 2971 1133 3019 Rornae
1160 2974 1234 3019 1764.

139 3049 320 3101 el’ontificato
332 3049 357 3097 di
374 3049 401 3097 S.
419 3048 545 3110 Gregorio
562 3047 599 3096 M.
617 3061 665 3096 con
706 3056 725 3098 t.
740 3046 896 3110 11.8.Apud
911 3048 994 3096 Marc.
1010 3045 1183 3094 Palenrinnm.

139 3143 173 3177 rur
197 3129 401 3192 Regionmento
428 3141 505 3189 sopra
531 3127 566 3188 gli
587 3124 663 3187 srudj
738 3123 870 3172 tlibello
887 3121 1005 3173 Oration.
1023 3121 1233 3174 Ecclerimticor.

139 3200 331 3256 rectaturictss
351 3202 434 3252 llome
444 3205 517 3253 1⁷⁶8.
528 3203 552 3250 l.
562 3200 665 3250 Selecta
706 3197 822 3251 Officior.
830 3198 971 3266 Get-Hisp.
982 3213 1008 3262 p.
1019 3200 1077 3249 tot.
