2752 4674
137 263 180 330 16
580 279 787 329 ransarto.

136 428 259 500 mento,
281 422 433 506 personis
448 423 623 506 exceptis:
646 426 889 487 commentatus
911 428 964 486 est
985 427 1094 489 autem
1108 423 1146 489 in
1161 443 1232 489 mo·

136 545 205 590 rem
220 523 426 602 Graecorum,
444 522 683 589 Hexaiimeron
704 525 747 589 de
769 523 883 588 mundi
904 525 1169 610 fabricamque
1189 527 1234 609 ad

136 625 361 690 conditionem
372 625 470 709 primi
481 625 638 702 hominis,
653 633 687 690 et
696 624 1003 708 praevaricationem
1016 627 1108 710 ejust
1131 627 1234 693 eom

136 727 252 812 posuit
278 732 313 791 et
333 727 476 805 libellos,
506 744 592 808 quos
621 725 744 791 Graeca
772 724 992 808 appellatione
1015 727 1234 809 pretitulavit

136 826 352 911 Apotheosis,
369 826 628 912 Psycomachia,
649 825 920 907 Hamartigeoiat
943 825 977 890 id
999 834 1048 891 est
1069 826 1112 892 de
1135 828 1234 894 Diri-

134 931 249 1008 nitate,
271 929 314 993 de
343 929 609 1012 compugnantia
637 926 751 1004 animi,
776 926 818 990 de
847 925 983 1008 Origine
1009 933 1233 1010 peccatorum.

136 1030 231 1096 Fecit
244 1035 277 1096 et
291 1031 326 1095 in
340 1031 473 1095 laudam
489 1029 675 1112 Martyrum
689 1030 752 1093 soh
765 1028 956 1112 aliquorum
971 1031 1162 1096 nominihus
1178 1030 1234 1098 In·

134 1135 322 1199 vitatorium
334 1131 378 1195 ad
388 1131 578 1214 martyrium
592 1130 716 1194 librum
730 1148 843 1207 unum,
865 1142 901 1194 et
923 1129 1134 1212 Hymnorum
1148 1131 1233 1198 alte·

134 1251 219 1309 mm,
233 1233 374 1315 speciali
395 1237 504 1295 tamen
523 1230 703 1294 intentione
717 1228 879 1294 adversus
893 1229 1144 1313 Symmachum,
1158 1231 1233 1296 ido·

134 1331 303 1398 lolatriam
316 1333 572 1409 defendentem,²
588 1351 634 1397 ex
646 1351 788 1416 quornm
798 1330 943 1395 lectione
958 1333 1149 1413 agnoscitur
1163 1331 1232 1400 Pae

134 1434 271 1499 latinum
282 1436 423 1499 militem
438 1433 560 1498 tuisse!
604 1434 707 1498 Plura
721 1439 893 1497 enumerat
907 1432 1130 1497 Trithemins³
1145 1431 1232 1499 Pru·⁴

133 1534 236 1599 dontii
252 1536 390 1620 scripta,
405 1552 464 1600 seu
480 1535 595 1618 potins
605 1535 640 1598 in
652 1533 764 1617 plures
779 1533 945 1617 dispescit
959 1533 1141 1610 sectiones,
1154 1553 1184 1598 a.
1199 1553 1232 1616 g.

133 1636 255 1701 librom
283 1635 500 1719 Apotheosis,
529 1636 588 1720 qui
617 1654 705 1700 unus
727 1640 789 1711 est,
810 1654 980 1718 quemque
1007 1635 1072 1699 suh
1090 1653 1159 1699 uno
1182 1636 1233 1700 tit.

134 1744 225 1802 recte
246 1737 436 1819 indigitavit
459 1735 667 1825 Gepnadius,
687 1737 722 1800 in
745 1755 808 1801 sex
826 1735 931 1801 libros
954 1741 1068 1815 secatt
1091 1733 1232 1801 totidem

136 1855 259 1918 nempe
273 1843 356 1919 quot
369 1842 447 1899 sunt
461 1836 498 1912 ii,
514 1842 630 1901 contra
640 1855 738 1917 quos,
754 1837 897 1900 absurde
912 1835 954 1900 de
969 1836 1085 1900 divina
1101 1835 1233 1903 Natura

134 1937 327 2013 sentientes,
343 1937 467 2018 stylum
490 1936 582 1998 acuit
602 1934 723 1998 Poeta.
767 1935 993 1999 Praeiationes
1016 1935 1119 2000 etiam
1137 1938 1232 2004 libris

135 2037 267 2114 affixas,
279 2037 435 2101 librorum
449 2036 584 2100 nomine
598 2034 762 2099 interdum
777 2033 892 2113 donat,
906 2043 944 2099 nt
959 2037 995 2101 in
1017 2036 1229 2122 Hamartiges

134 2139 191 2202 oia
210 2122 325 2203 nidere
349 2138 440 2214 licet,
465 2137 561 2220 cujus
585 2157 631 2202 ex
653 2134 856 2200 Praeiatione
878 2137 997 2201 librum
1022 2145 1230 2207 commentus

134 2246 200 2317 est,
219 2238 311 2304 hand
333 2239 453 2303 melius
475 2238 519 2302 de
541 2236 727 2321 Peristeph.
753 2238 901 2311 meritus.
944 2238 1071 2305 Parum
1092 2242 1232 2325 proinde

135 2339 356 2407 attendendus
375 2345 428 2404 est
450 2339 652 2404 Trithemius
672 2340 707 2403 in
731 2346 800 2404 tam
821 2358 911 2406 nora
925 2349 1027 2424 atque
1041 2341 1230 2410 inordinata

136 2442 310 2508 Prudentii
325 2462 459 2524 operum
475 2443 654 2524 partitione
674 2461 715 2507 ac
734 2441 933 2522 recensione,
956 2449 1186 2528 contraquam
1198 2449 1232 2509 et

136 2543 222 2607 Mss.
237 2547 382 2607 veterum
398 2543 494 2619 fides,
508 2551 543 2606 et
557 2544 664 2626 pluris
682 2543 839 2608 iacienda
861 2543 1030 2609 Gennadii
1052 2547 1232 2610 auctoritas

137 2644 222 2710 satis
236 2660 403 2726 superque
418 2662 496 2706 esse
510 2643 620 2709 dehet.
658 2644 746 2710 Haec
763 2651 869 2708 tamen
885 2647 1074 2710 annotanda
1088 2647 1232 2722 morunt,

136 2764 178 2810 ne
208 2743 284 2829 quis
313 2744 491 2807 Trithemii
521 2745 708 2810 testimonio
735 2745 848 2810 fucum
877 2747 943 2809 sihi
976 2747 1047 2810 fieri
1077 2749 1232 2830 patiatur.

133 2845 216 2911 lant
232 2864 311 2909 vero
326 2865 402 2928 qnae
417 2845 592 2929 hucusque
607 2845 698 2911 edita
712 2847 824 2910 lucem
845 2859 1053 2930 aspexerunt
1066 2849 1139 2915 haec
1155 2858 1233 2917 snnt

129 2946 232 3032 juxta
257 2945 404 3010 ordinem
425 2946 582 3010 editionis
606 2947 743 3012 Nicolai
768 2947 916 3028 Heinsii,
937 2949 996 3032 qui
1018 2951 1170 3032 pluribus
1197 2958 1231 3019 et

134 3046 376 3136 praestantioris
397 3055 487 3112 notae
512 3047 695 3114 (lodicibus
718 3049 894 3129 consultis,
917 3049 1058 3114 aliorum
1080 3053 1230 3118 omnium

133 3238 183 3280 aec
194 3227 374 3281 'tillemontius
386 3230 404 3278 Ι.
414 3244 439 3279 a.
452 3229 552 3294 rejecit.
578 3231 663 3281 lore·
703 3246 758 3280 rom
777 3230 864 3283 Codd.
886 3233 1060 3298 probatissimi
1086 3235 1167 3299 priori
1194 3235 1231 3285 llli

134 3306 289 3357 cautioribus
317 3305 345 3355 8.
375 3304 528 3368 Hieronymi
555 3320 661 3369 operum
702 3307 883 3370 astipulantur,
902 3322 977 3374 quem
990 3309 1098 3373 proinde
1115 3310 1230 3361 retinen·

133 3381 289 3431 editionibus
305 3396 320 3429 a
342 3380 468 3430 Mantinia
487 3388 515 3429 et
535 3381 662 3432 vallarsio
702 3381 761 3430 doro
773 3396 876 3434 censeo.

134 3455 278 3517 adornatis,
289 3455 315 3503 in
326 3456 420 3519 quibus
432 3462 491 3518 post
501 3456 528 3505 S.
540 3456 662 3507 Doctoris
734 3462 750 3507 2
774 3459 839 3508 Cum
857 3459 899 3509 hic
916 3459 1012 3525 aliquid
1032 3460 1175 3510 desiderari
1196 3461 1232 3511 ri·

133 3544 199 3595 opus
221 3531 263 3580 De
281 3530 434 3593 Scriptorib.
450 3530 661 3582 Boot-Gennadii
702 3533 819 3599 deretur,
833 3536 858 3584 in
875 3537 1001 3601 aliquibus
1019 3537 1184 3599 editionibus,
1202 3545 1232 3588 ut

134 3609 276 3671 Catalogns
303 3609 450 3674 subjicitur,
472 3624 520 3674 pro
541 3610 663 3673 Δίπυχον
702 3611 799 3674 Mirari,
817 3611 937 3662 additur:
955 3612 1037 3662 ‘dnos
1054 3614 1131 3664 libros
1153 3615 1231 3664 lande

133 3685 278 3748 Διπόχαων
294 3686 399 3750 legitor,
416 3685 442 3734 h.
454 3700 477 3736 e.
494 3685 608 3750 ‘duplex
626 3689 660 3738 ci·
702 3686 862 3751 dignissimos
878 3688 1025 3751 compegit,
1046 3703 1079 3738 ex
1104 3688 1232 3754 quornm,’

135 3760 200 3822 hos,'
211 3764 249 3810 oti
267 3763 346 3812 etiam
363 3762 389 3811 io
404 3761 538 3812 Vaticanis
555 3763 661 3827 aliquot.
702 3767 752 3813 &a
784 3762 836 3812 Sed
853 3761 946 3812 desunt
958 3763 1013 3812 hae
1031 3764 1057 3814 io
1076 3770 1229 3830 pervetusto

134 3833 175 3883 Aa
194 3842 280 3896 posset
299 3836 340 3884 hio
358 3836 435 3886 etiam
450 3836 520 3887 titul.
538 3840 661 3901 prasenti
701 3839 762 3887 vat
773 3837 838 3887 Cod.
849 3843 876 3886 et
887 3837 912 3885 in
925 3837 1091 3889 Editioaihns
1102 3840 1231 3891 recentio-

133 3909 222 3958 llhsllo
245 3911 394 3972 convenire,
417 3912 483 3977 quod
506 3913 610 3964 haustus
631 3931 661 3966 ac
703 3914 773 3964 ribos
792 3913 914 3975 Fabricii,
925 3915 1048 3967 Vallarsii
1068 3917 1100 3967 ad
1118 3918 1230 3984 optimo·

133 3991 283 4047 compactus
309 3999 343 4033 ex
364 3993 474 4051 utroque
496 3990 663 4041 Testamenta
702 4004 758 4039 raro
770 3988 1061 4046 coddftdemexartis.

133 4058 177 4111 sit.
218 4060 268 4111 Sed
297 4061 365 4111 roim
392 4062 499 4113 eontnd.
525 4066 662 4117 Vaticano·
734 4065 853 4116 testei.
862 4065 957 4130 script.
969 4067 1040 4118 licet.
