2752 4674
133 293 155 359 8
577 306 782 355 usurario.

133 451 377 516 declamatores
402 449 489 514 male
514 451 649 515 omnino
687 448 883 513 audiebant.
927 446 1133 522 lactantius,
1167 446 1227 529 qni

133 554 191 619 diu
215 553 387 637 multaque
408 571 485 616 curn
499 551 597 616 laude
619 552 654 616 in
678 551 741 617 hac
762 548 969 633 professione
989 553 1142 612 versatus
1155 547 1230 611 sne·

133 662 196 731 rat,
210 655 346 737 agnovit
359 660 471 719 tamen
488 661 620 736 postea,
643 672 709 717 non
735 652 777 716 ad
800 651 968 726 uirtutem,
989 649 1049 714 sed
1071 648 1171 733 plane
1184 647 1229 713 ad

133 762 283 838 argutum
297 756 464 820 malitiam
480 775 518 818 se
530 755 675 838 juvenes
695 754 892 831 erudivisse,
906 753 963 816 lib.
979 769 1004 816 1.
1018 751 1131 816 Divin.
1143 749 1230 814 Inst.

135 878 165 922 c.
180 858 211 921 1.
253 861 264 892 ‘
281 855 396 934 Nolo,'
418 858 465 921 ait
487 859 589 922 etiam
611 856 647 920 S.
664 857 805 924 Hieron.
821 856 865 920 ad
881 855 1017 939 Nepet,
1041 856 1052 886 ⁴
1068 860 1102 916 te
1117 851 1233 916 decla-

133 964 298 1023 matorem
314 979 402 1036 esse,
428 978 469 1023 ac
493 957 656 1035 rabulam,
680 957 913 1040 garrulumque
935 954 1231 1018 timoratione...

134 1060 236 1124 verba
250 1061 384 1125 volvere
400 1067 437 1123 et
459 1059 626 1124 celeritate
643 1057 786 1133 ‚dicendi
800 1057 892 1141 apud
907 1055 1096 1140 imperitum
1110 1054 1232 1136 vulgus

134 1161 387 1226 admirationem
402 1161 455 1225 sui
469 1160 593 1238 iacere,
607 1159 814 1225 indoctorum
833 1157 1003 1222 bominum
1018 1163 1082 1222 est„
1125 1155 1232 1221 Attri-

136 1269 172 1325 ta
185 1261 279 1325 frons
292 1261 524 1344 interpretatur
539 1280 670 1344 semper
685 1260 775 1344 quod
790 1259 909 1336 nescit,
922 1265 958 1322 et
971 1277 1048 1321 curn
1063 1258 1139 1322 aliis
1155 1277 1231 1342 per-

135 1363 293 1440 suaserit,
307 1362 373 1426 sibi
395 1382 529 1445 quoqne
551 1369 693 1446 usurpat
715 1359 914 1426 scientiam?
956 1360 1001 1424 Et
1025 1360 1232 1425 Prudentius

135 1482 176 1526 eo
191 1464 269 1547 ipso
284 1464 373 1542 loco,
388 1484 456 1547 quo
470 1483 534 1528 sna
555 1465 629 1528 baec
650 1465 766 1529 studia
784 1464 945 1546 designat,
961 1462 1079 1528 eodem
1093 1463 1232 1528 damnat

135 1563 188 1630 his
203 1565 317 1632 verbis
333 1565 433 1632 Praef.
448 1567 483 1632 in
498 1564 651 1630 Gathem.
668 1584 734 1630 uss.
751 1565 784 1631 8.
799 1565 831 1629 9.

588 1717 597 1731 ‘
629 1765 708 1810 mox
724 1746 838 1810 docuit
853 1752 935 1827 toga

223 1843 389 1910 Insectum
404 1846 497 1910 vitiis
512 1846 601 1910 falsa
614 1845 719 1929 loqui,
735 1866 802 1909 non
818 1846 890 1908 sine
905 1845 1063 1909 criminc.’

137 2022 227 2087 Illud
243 2024 344 2088 ctiam
356 2022 481 2087 ibidem
495 2022 659 2088 humiliter
671 2023 796 2088 fatetur
817 2044 857 2089 uc
879 2025 981 2103 dolet,
1001 2026 1079 2089 dum
1094 2026 1147 2090 his
1162 2034 1233 2091 stu·

137 2124 205 2186 diis
216 2123 433 2200 incumberet,
443 2122 632 2206 juventutis
646 2125 763 2189 ardore
776 2127 962 2209 abreptum,
978 2129 1068 2192 vitiis
1081 2129 1232 2193 sesraena

138 2225 286 2302 laxasse,
302 2243 379 2309 quac
393 2223 620 2308 postmodum,
635 2225 705 2291 vita
719 2225 754 2289 in
777 2227 898 2291 melius
917 2235 1131 2307 commutata,
1141 2228 1232 2312 jugi·

137 2327 203 2390 bus
218 2325 376 2410 lacrymis
391 2331 443 2390 ost
462 2333 673 2409 prosecutus.

182 2426 325 2512 Expleta
347 2427 515 2495 literarum
538 2429 736 2514 dicendique
761 2429 854 2508 ludo,
874 2429 916 2495 ad
941 2430 1048 2495 sorum
1065 2451 1102 2494 se
1118 2452 1156 2495 se
1171 2450 1233 2515 ap-

139 2527 286 2619 plicuit,⁷
308 2529 342 2592 in
355 2547 423 2611 quo
438 2531 483 2593 itu
499 2530 564 2612 egit
578 2550 714 2607 causas,
731 2536 768 2596 ut
782 2531 931 2597 victoriae
950 2533 1047 2596 unice
1071 2533 1233 2609 intentus,

138 2649 205 2692 non
232 2628 336 2693 semel
360 2632 544 2693 maximum
567 2633 601 2695 in
630 2631 806 2696 discrimen
835 2635 971 2699 veniret.
1016 2630 1168 2697 (lathem.
1195 2641 1234 2698 ut

140 2750 213 2813 sup.
226 2749 276 2798 vs.
290 2729 343 2796 16.
386 2727 442 2797 Ad
454 2730 539 2809 haec,
553 2732 664 2817 inquit
677 2732 717 2797 de
733 2753 770 2798 se
784 2733 915 2799 Polite:

270 2880 331 2945 Bis
345 2881 456 2964 legum
469 2883 697 2947 moderamine

269 2981 407 3048 Fraenos
422 2983 583 3048 nobilium
599 2986 746 3049 reximus
760 2987 910 3066 urbium3

268 3080 291 3147 J
293 3102 333 3149 us
347 3084 447 3150 civile
458 3085 559 3150 bonis
574 3085 791 3164 reddidimus,
805 3090 983 3154 terruimus
999 3110 1085 3154 reos.

184 3249 384 3315 Provincias
398 3249 570 3337 (quaenam
586 3254 715 3333 luerint,
727 3257 811 3321 latet
821 3253 852 3340 ⁸)
862 3256 916 3321 bis
929 3257 1074 3338 gessisse
1088 3256 1237 3335 Pruden-

141 3353 225 3417 tium
239 3371 284 3415 ex
297 3353 350 3417 his
364 3361 518 3437 apparet.
564 3353 598 3418 N
600 3375 654 3419 arn
672 3355 838 3420 Rectores
857 3363 927 3420 tum
954 3357 1124 3440 temporis,
1134 3356 1235 3440 juxta

142 3453 331 3519 Romarm
348 3455 408 3538 jus
435 3474 614 3537 usumque,
643 3475 707 3519 non
737 3456 961 3539 peculiaribus
995 3457 1145 3533 urbibus,
1172 3456 1234 3521 sed

143 3554 329 3632 Provinciis
355 3553 529 3632 dabantur,
554 3556 614 3639 qui
642 3576 713 3633 eas,
736 3556 795 3640 jus
823 3557 999 3633 reddendo,
1024 3558 1234 3637 lustrabant;

142 3656 225 3720 nulli
241 3656 369 3723 civitati
383 3655 527 3721 tribunal
542 3656 728 3740 affigentes,
743 3665 827 3724 utet
848 3659 1120 3724 Prouincialibus
1143 3679 1234 3724 com-

174 3858 189 3904 7
207 3854 292 3906 Nicol.
302 3854 399 3907 Anton.
408 3871 440 3910 rr.
452 3861 509 3910 167.
708 3855 871 3923 praesedisse,
880 3855 925 3907 scd
940 3857 1037 3906 nullam
1052 3856 1147 3905 mereri
1156 3853 1247 3918 tidem¹

176 3936 192 3980 8
209 3931 422 3982 Pseudo-Denter
437 3934 540 3997 quidem
551 3934 576 3984 lo
589 3933 669 3985 cirro-
707 3932 820 3983 ostendit
831 3932 917 3983 Nicol.
930 3934 1026 3985 Anton.
1035 3933 1062 3982 in
1080 3933 1153 3983 calce
1163 3931 1235 3982 Bibl-

143 4007 201 4057 nleo
212 4008 304 4058 raserit
314 4008 484 4058 Prudentiunr
497 4011 611 4061 Urbibus
620 4012 670 4061 To·
707 4025 762 4065 suar
774 4009 849 4074 Hirp.

142 4086 206 4148 leto,
226 4085 365 4151 corduba,
383 4099 414 4138 sc
433 4086 670 4152 Cnrrmugortroa
