2752 4674
580 380 582 384 Α
602 318 814 369 sannanim·
1211 313 1259 379 ξι

158 463 352 545 praestantia
365 462 628 528 cumulatissime
644 465 782 548 supplet
801 473 902 549 atque
917 472 1137 551 compensati
1160 468 1261 550 Quia

157 583 184 628 a.
196 584 230 646 g.
243 564 377 628 duobus
390 569 504 629 contra
518 564 757 648 Symmachum
771 566 865 632 libris
873 569 1002 648 utilius,
1014 571 1050 634 in
1063 573 1186 655 quibus
1201 582 1255 639 to-

155 669 208 728 tus
230 665 403 746 gentilium
431 667 552 743 cultus,
584 667 803 750 Deorumque
832 671 1003 753 prosapia,
1029 673 1254 740 eruditissime

156 765 424 851 solidissimaque
437 768 618 833 destruitur
639 775 739 853 atque
753 771 970 852 convellitur3
992 781 1175 859 nostraque
1200 794 1255 841 sa

155 886 208 932 cra
222 871 267 933 ab
283 870 440 934 omnibus
454 871 660 934 ethnicorum
686 871 862 936 calumniis
885 877 986 954 atque
1008 874 1254 957 objectionibus

154 969 383 1035 vindicanturl
418 970 509 1050 Quid
534 972 622 1035 libro
645 969 904 1037 Cathemerinon
928 982 990 1038 aut
1008 975 1191 1061 Peristaph.
1207 979 1255 1044 ad

152 1071 315 1154 pietatem
334 1074 513 1140 fovendam
536 1073 848 1139 accommodatius?
880 1075 921 1139 In
943 1096 986 1140 eo
1012 1077 1176 1161 siquidem
1191 1100 1256 1163 per

153 1193 267 1240 omues
290 1175 357 1241 diei
380 1184 494 1260 partes
523 1179 626 1243 nostri
650 1177 798 1242 muneris
827 1175 1053 1257 admonemur,
1080 1186 1250 1265 totamque

152 1274 240 1340 diem
254 1277 443 1360 aptissimis
458 1278 501 1343 ad
516 1279 550 1343 id
574 1279 729 1362 precibus
755 1277 982 1361 sanctificare3
1005 1282 1040 1344 in
1055 1282 1121 1346 hoc
1137 1290 1251 1348 antem

151 1377 192 1441 ad
222 1377 337 1461 ipsum
367 1377 566 1444 Christianae
590 1379 807 1463 perfectionis
839 1381 971 1462 apicem
999 1382 1154 1465 gloriosis
1185 1387 1249 1451 SS.

151 1475 334 1564 Martyrum
360 1483 466 1563 gestis
485 1483 666 1546 invitamur
688 1488 789 1565 atque
815 1484 1058 1548 succendimur.
1104 1486 1249 1551 Demum

149 1576 357 1664 Apotheosis
370 1590 405 1649 et
419 1585 685 1668 Hamartigeniae
699 1585 787 1663 libri,
802 1585 835 1648 iu
858 1587 980 1667 quibus
1003 1595 1121 1650 contra
1144 1587 1251 1652 haere·

149 1681 232 1745 ticos
246 1683 448 1767 disputatur,
473 1687 660 1752 nniversam
686 1705 783 1770 paene
797 1686 962 1750 inclusam
983 1685 1108 1750 habent
1120 1686 1249 1752 theolo-

149 1785 244 1865 giam,
273 1807 414 1870 eamque
440 1789 669 1864 sanissimam,
699 1784 907 1872 proindeque
932 1786 1103 1850 innumera
1130 1807 1175 1852 ex
1203 1790 1248 1854 iis

148 1894 308 1969 tanquam
323 1907 367 1951 ex
389 1890 648 1953 instructissimo
663 1887 921 1952 armamentario
937 1889 1024 1951 sumi
1037 1895 1180 1970 possunt
1194 1910 1249 1955 ar·

147 1995 312 2068 gumenta,
327 1990 399 2054 sive
414 1989 458 2053 ad
483 1988 660 2054 catholica
684 1987 823 2052 tutanda
842 1987 1012 2068 dogmata,
1027 1989 1100 2053 sive
1115 1988 1159 2052 ad
1174 1990 1247 2056 hae-

147 2091 267 2154 reticos
281 2091 486 2156 refellendos
495 2091 792 2172 revincendosque.
831 2087 899 2153 Sed
915 2108 977 2152 nec
992 2089 1130 2155 omnino
1144 2093 1247 2158 inele-

147 2210 226 2272 gans
251 2197 316 2271 est,
342 2192 588 2276 plurimumque
612 2192 751 2275 leporis,
780 2190 958 2266 acuminis
984 2190 1179 2271 harmoniae,
1203 2215 1246 2260 ac

146 2295 286 2376 energiae
307 2295 430 2359 habere
454 2296 605 2378 quisquis
619 2294 693 2378 ejus
707 2311 813 2375 opera
834 2295 957 2355 attente
980 2291 1109 2372 legerit,
1125 2293 1247 2378 depre-

145 2393 275 2474 hendet,
304 2406 406 2481 atque
434 2398 537 2461 etiam
565 2397 731 2461 fatebitur.
774 2394 818 2457 Iu
844 2391 960 2475 lyricis
989 2391 1181 2472 Horatium,
1209 2397 1247 2472 iu

145 2496 347 2563 hexametris
358 2499 549 2564 Lucretiam
558 2499 681 2563 imitari
695 2496 846 2575 videtum
858 2513 922 2559 nec
931 2492 1058 2557 infelici
1065 2504 1197 2575 eventu,
1206 2503 1245 2563 ut

146 2603 226 2662 {etas
240 2599 303 2664 illa
314 2599 463 2681 serebat3
479 2601 627 2683 optimus
643 2617 725 2662 sane
737 2596 865 2675 Poeta3
888 2614 950 2660 ncc
961 2595 1161 2675 Claudiano,
1171 2596 1246 2662 Au·

145 2700 251 2777 sonio,
267 2701 401 2766 autulii
416 2705 614 2785 cuicumque
629 2702 719 2766 illius
730 2699 848 2765 saeculi
863 2698 997 2762 ethnico
1013 2697 1094 2762 Vati
1105 2701 1243 2781 postha-

143 2801 287 2867 bendns:
311 2807 323 2838 ‘
339 2803 457 2867 Unus'
479 2805 636 2889 denique,
648 2810 686 2868 ut
699 2804 746 2868 ait
762 2801 884 2865 Heius.
896 2801 932 2863 in
948 2799 1071 2876 dedic,
1095 2804 1179 2884 ‘qui
1194 2805 1244 2866 in-

144 2909 192 2966 ter
216 2912 360 2985 veteres,
374 2906 500 2992 majore
523 2927 601 2971 cum
621 2924 784 2970 successu
807 2901 929 2985 po'esin
944 2900 1128 2965 Christiani
1144 2922 1243 2986 argu·

142 3009 243 3072 menti
257 3010 389 3074 dederit
402 3013 577 3076 excultam
600 3015 658 3074 aut
678 3005 901 3090 larudabilinra
914 3003 1071 3085 exemplo
1084 3003 1183 3068 famae
1199 3024 1241 3070 ac

142 3111 331 3189 posteritati
360 3110 659 3177 commendaverit!
714 3107 769 3172 Ex
797 3107 850 3170 his
880 3111 989 3169 autem
1019 3105 1088 3169 duc
1118 3105 1241 3171 confici

142 3228 243 3291 posse
258 3212 422 3279 videntur.
467 3215 615 3279 Primum
630 3229 753 3277 vanum
767 3227 855 3284 esse,
868 3205 1101 3282 vanissimum,
1116 3227 1156 3270 ne
1168 3227 1241 3289 gra·

141 3311 216 3376 vius
238 3313 362 3392 dicam,
387 3325 625 3393 commentum,
648 3329 838 3394 vanamque
859 3307 1121 3384 excusationem,
1136 3327 1239 3391 quam

142 3412 332 3494 obtendunt,
347 3418 465 3501 poesin
486 3420 521 3482 in
543 3419 640 3480 rebus
663 3415 768 3480 sacris
784 3429 867 3474 snas
886 3409 987 3484 vires,
1002 3408 1159 3491 leporem,
1182 3428 1240 3475 re·

140 3520 373 3603 nustatamque
399 3521 531 3584 minime
554 3537 689 3584 exerere
713 3535 831 3600 posse,
856 3511 915 3576 scd
942 3510 1118 3592 frigescere
1134 3519 1239 3595 atque

141 3620 280 3687 evadere
295 3622 547 3687 inconcinnam:
570 3616 831 3700 secundo,qu0d
841 3622 877 3680 at
890 3614 1041 3697 superius
1056 3614 1238 3694 attigimus,

139 3726 264 3807 optime
277 3729 311 3789 et
324 3724 432 3790 literis
445 3723 710 3798 humanioribus,
725 3727 760 3783 et
774 3716 959 3800 praesertim
983 3714 1102 3795 pietati
1118 3733 1237 3781 consu-

137 3824 204 3889 lere
218 3844 281 3890 eos
295 3827 354 3908 qui
369 3833 483 3904 avent,
499 3826 738 3904 hortanturque
753 3839 794 3884 ac
809 3816 1021 3901 praecipiunt,
1035 3815 1115 3879 utin
1131 3815 1241 3902 Gym-

137 3927 240 3991 nasiis
255 3929 300 3992 ab
315 3928 597 4003 adolescentibus,
612 3932 670 3989 aut
685 3923 804 3987 saltem
822 3919 911 3983 domi
928 3936 949 3981 a
964 3916 1057 3995 viris,
1068 3917 1169 4001 juxta
1181 3939 1235 3984 sa-

135 4028 376 4110 pientissimum
388 4031 424 4095 S.
438 4029 569 4094 Sidonii
591 4026 744 4110 Apollin.
765 4018 967 4104 exemplum,
986 4019 1134 4084 Horatio
1151 4019 1234 4094 Pru·

137 4129 266 4199 deabus
281 4133 512 4218 conjungatur.
547 4130 724 4213 Indignam
739 4126 826 4192 euim
841 4129 892 4189 est
906 4142 948 4188 ac
961 4140 1029 4186 non
1050 4119 1232 4198 ferendum,
