2752 4674
582 328 788 378 rnmnn'rro.
1191 319 1236 386 23

138 470 352 555 appellando.
398 473 438 536 Ρ.
448 471 693 539 Chamillardus
709 477 741 538 in
757 495 820 540 sua
835 475 1012 541 Prudentii
1027 477 1174 544 editione
1189 479 1234 546 ad

136 573 220 638 bunc
242 574 358 638 locum
383 584 612 655 adnotaverat,
637 578 725 660 quod
736 578 815 643 licet
824 578 927 662 juxta
941 579 1054 644 Latini
1070 584 1234 647 sermonis

135 676 376 759 proprietatem
389 674 585 760 Verbigeua
600 685 697 743 sonet
720 678 976 762 Verbogenitns,
992 687 1029 747 ut
1044 682 1235 766 Martigena

136 775 393 860 Martegenitus,
402 798 469 845 uon
484 779 520 843 id
533 787 641 844 tamen
654 782 743 867 quod
757 803 778 848 a
792 782 971 849 catholica
988 784 1072 850 Fide
1088 786 1235 851 alienum

137 885 196 952 est,
220 880 345 944 sentire
375 879 603 959 Pmdentium‚
628 884 696 948 scd
714 883 800 949 banc
821 905 940 950 vocem
955 906 1015 968 pro
1029 889 1105 970 ipso
1118 887 1235 953 Verbo

136 981 248 1061 genito
263 983 449 1048 adhibitam
466 986 509 1048 ab
524 986 602 1068 ipso
615 985 741 1065 fuisse;
765 989 856 1071 quod
873 994 928 1052 est
943 987 1051 1052 lsonii
1067 988 1233 1068 Magistri,

136 1083 283 1147 omniurn
320 1082 496 1151 Prudentii
527 1086 752 1171 interpretum
789 1090 1023 1172 antiquissimi,
1057 1090 1235 1172 glossema.

135 1181 262 1248 Verum
277 1185 312 1249 id
326 1188 426 1268 gratis
441 1189 548 1252 asseri
564 1189 743 1271 respondet
768 1189 932 1267 Clericus,
953 1209 994 1255 ac
1009 1190 1153 1255 dubitari
1168 1213 1234 1258 non

136 1305 247 1368 posse,
257 1287 380 1351 Filium
395 1289 470 1366 Dei,
483 1291 585 1354 verbo
601 1290 714 1355 Patris
729 1292 891 1373 genitum,
906 1292 970 1361 bac
985 1311 1072 1356 voce
1088 1293 1234 1360 Potitum

137 1387 308 1470 designare
337 1390 505 1471 voluisse3
543 1391 633 1474 quod
656 1392 727 1455 alio
757 1392 831 1475 ejus
858 1393 934 1456 loco
965 1392 1150 1472 confirmat,
1189 1406 1234 1462 ex

136 1487 261 1570 Hymn.
276 1491 311 1555 in
325 1489 407 1555 Nat.
423 1491 523 1556 Dom.
538 1512 587 1556 vs.
602 1493 656 1556 17.
672 1493 731 1557 ubi
746 1493 787 1557 de
800 1492 917 1557 Verbo
931 1494 1086 1577 loquens,
1099 1497 1167 1561 ait:

430 1643 482 1707 Ex
499 1662 556 1708 ore
570 1643 756 1726 quamlibet
771 1643 883 1706 Patris

431 1745 487 1809 Sis
502 1751 607 1822 ortus,
621 1752 655 1809 et
670 1746 770 1810 verbo
784 1743 896 1808 editus

435 1844 572 1922 Tamen,
587 1848 648 1908 &a

137 1994 370 2078 contenditque
386 1994 601 2059 Pmdeutium
623 1995 676 2058 bis
698 1996 810 2060 verbis
836 1995 1076 2060 nonnullorum
1096 1995 1234 2062 Anteni-

136 2110 291 2160 cenorum
316 2097 456 2161 l'atrum
481 2116 615 2160 sensum
638 2099 834 2180 exprimere,
857 2099 917 2180 qui
948 2098 1132 2162 censebant
1154 2099 1234 2165 Filii

136 2197 199 2262 Dei
215 2198 450 2274 substantiam,
468 2198 569 2262 modo
594 2199 739 2281 quodam
761 2196 1097 2281 incomprebensibili,
1113 2204 1147 2264 et
1160 2201 1233 2265 sine

136 2289 361 2380 generatione,
375 2300 410 2363 in
436 2299 539 2363 Patre
564 2301 607 2363 ab
632 2300 721 2363 omui
737 2300 921 2364 artemitate
935 2299 1105 2377 extitisse,
1119 2320 1164 2366 ex
1177 2321 1234 2366 eo·

137 2417 198 2482 qne
213 2410 292 2465 ante
317 2399 436 2465 Mundi
460 2402 660 2466 creationem
682 2400 894 2465 ineffabiliter
921 2420 1107 2479 emanasse,
1132 2422 1234 2485 quam

138 2504 383 2568 emanationem
410 2507 480 2566 tum
511 2503 671 2585 temporis
696 2499 815 2566 Patres
843 2503 1090 2582 generationem
1116 2503 1234 2586 appel-

138 2603 246 2683 lasse3
269 2605 317 2668 ita
332 2611 370 2669 ut
384 2606 418 2668 in
429 2623 541 2668 eorum
553 2605 731 2680 sententia,
743 2604 823 2668 Filii
835 2603 901 2667 Dei
912 2609 1109 2668 naturanon
1121 2603 1234 2667 sulum

137 2715 212 2771 aute
233 2705 356 2770 Mundi
372 2707 656 2789 constitutionem,
681 2704 739 2768 sed
755 2707 859 2768 etiam
884 2713 1053 2769 comtema
1068 2705 1145 2769 Deo
1159 2704 1235 2784 fuit,

137 2806 210 2891 ejus
222 2827 306 2872 vero
321 2806 553 2872 Personalitas
567 2807 701 2870 nonnisi
724 2807 905 2892 improprie
926 2807 992 2870 dici
1009 2813 1126 2889 potest
1140 2814 1235 2872 aeter·

135 2928 187 2987 ua,
203 2914 372 2993 quatenus
386 2908 519 2974 scilieet
538 2916 615 2973 ante
641 2915 801 2993 tempora,
820 2928 879 2973 seu
894 2907 1015 2972 Mundi
1029 2909 1234 2992 creationem

136 3012 290 3076 extiterit
324 3008 412 3088 Quae
425 3011 544 3074 iisdem
560 3029 659 3093 paene
674 3012 795 3088 verbis,
811 3011 854 3075 de
864 3009 1073 3074 Tertulliano
1081 3009 1235 3092 loquens,

136 3115 302 3196 repetitio
319 3114 414 3179 Hist.
428 3115 521 3180 Eccl.
538 3134 590 3178 an.
605 3112 679 3178 186.
694 3112 852 3176 lectorem
865 3117 1028 3195 praeterea
1043 3128 1178 3175 monens
1193 3130 1235 3174 ue

137 3214 299 3281 Patribus
314 3217 373 3300 qui
388 3223 469 3300 post
489 3216 651 3281 saeculnm
675 3214 911 3299 Apostolicum
926 3213 1119 3289 floruerunt,
1133 3212 1234 3276 nimis

138 3316 269 3397 credat3
290 3336 367 3400 qnae
380 3319 492 3382 omnia
507 3336 548 3381 eo
570 3315 723 3394 tendunt,
738 3323 778 3379 ut
800 3334 917 3379 eversa
939 3313 1131 3390 traditione,
1145 3332 1186 3376 ac
1199 3314 1235 3378 iu

138 3416 210 3481 sola
226 3419 473 3501 seripturarum
488 3419 704 3497 revelatione,
724 3418 881 3502 privatim
896 3422 1050 3497 accepta,
1071 3413 1168 3479 Fidei
1183 3435 1236 3480 re·

138 3519 214 3599 gula
236 3520 433 3597 constituta,
457 3518 671 3585 catholicum
698 3518 739 3584 de
762 3519 869 3585 Verbi
898 3518 1086 3583 Divinitate
1110 3516 1235 3598 dogma

137 3621 318 3699 convellat,
335 3621 427 3704 quod
453 3622 547 3685 velut
572 3622 663 3686 aliud
680 3642 794 3705 agens,
808 3639 928 3702 magno
943 3620 1119 3684 verborum
1130 3636 1235 3701 appa-

136 3726 210 3785 ratu
225 3722 360 3786 molitur
373 3723 408 3786 iu
422 3741 475 3806 ep.
493 3738 541 3786 ιν.
558 3721 696 3799 Critica,
711 3741 789 3806 quae
804 3728 857 3786 est
870 3721 913 3785 de
927 3739 991 3783 usu
1007 3718 1156 3783 Petrum.
1187 3733 1189 3737 ·

180 3822 216 3887 N
217 3842 237 3886 e
252 3823 384 3905 longius
398 3844 497 3907 quam
507 3844 569 3907 par
584 3832 647 3901 est,
669 3825 876 3908 progrediar,
899 3821 982 3885 nibil
996 3820 1052 3884 bic
1069 3820 1110 3884 de
1126 3822 1237 3887 Patri·

136 3923 200 3988 bns
216 3923 434 3989 Anteniceuis
450 3925 574 4003 dicam,
589 3944 727 4008 quorum
743 3925 904 3988 adversus
927 3922 1115 4001 Patavium,
1138 3923 1236 3988 Wol-

137 4027 320 4107 zogenium,
344 4024 524 4103 clericum,
548 4026 703 4110 aliosque
724 4025 887 4090 vindicias
909 4026 1040 4109 egregie
1062 4024 1237 4109 prosecuti

137 4133 214 4191 sunt
227 4125 415 4193 doctissimi
430 4128 493 4192 viri
508 4126 673 4210 Georgius
689 4127 807 4194 Rullus
815 4129 849 4193 iu
861 4127 996 4194 Deieus.
1010 4127 1088 4191 Fid.
1104 4124 1235 4202 Nicen,
