2752 4674
136 289 180 356 12
582 303 788 355 usurario.

136 453 344 515 monumenta
359 454 557 533 prostratus,
570 469 646 514 cum
659 448 817 534 lacrymis
838 446 1080 532 preteritorum
1093 442 1233 516 delicto·

135 574 209 622 rum
220 555 353 620 veniam
363 574 384 619 a
396 555 484 632 Deo,
493 573 606 619 eorum
617 555 859 619 intercessione
871 554 1089 638 deposcebat,
1104 573 1232 638 eosque

136 659 174 722 ut
188 674 300 719 veram
322 655 387 718 sibi
409 655 521 720 cordis
543 656 791 720 couversionem
813 656 1028 739 impetrarent
1049 657 1150 721 enixe
1171 656 1231 720 de·

135 758 349 839 precabatur,
364 763 469 822 totam
482 776 579 840 spem
593 776 688 821 suam
703 758 736 820 iu
751 776 871 841 magna
884 756 983 822 valde
1002 757 1232 822 misericordia

137 858 204 922 Dei
214 859 362 940 positam
376 878 454 923 esse
463 859 587 942 ubique
596 857 781 924 declarans.
818 858 909 937 Quin
919 860 1021 923 immo
1033 878 1099 922 nou
1115 858 1232 923 defue-

135 965 250 1036 runt,²³
264 961 323 1042 qui
334 961 520 1025 humilitate
530 961 620 1025 ultra
634 961 819 1039 terminum,
834 980 911 1024 eum
925 960 1134 1043 processisse
1149 978 1231 1025 con·

136 1058 247 1143 questi
256 1067 346 1139 suut,
357 1069 396 1125 ut
404 1081 515 1125 cume.
526 1080 557 1141 g.
568 1060 688 1125 Perist.
698 1060 823 1144 Hymn.
831 1076 870 1124 x.
878 1080 962 1125 vers.
973 1058 1115 1122 finseiu
1123 1065 1233 1125 extre·

135 1179 192 1226 mo
206 1149 333 1227 ludicii
346 1162 401 1227 die
413 1163 500 1226 iuter
512 1161 630 1226 haedos
639 1180 660 1225 a
670 1161 815 1225 sinistris
824 1161 983 1237 collocat,
992 1178 1034 1223 ac
1044 1159 1179 1227 nonnisi
1194 1158 1230 1225 S.

136 1258 282 1327 Romani
292 1265 447 1346 precibus
456 1264 500 1328 ad
509 1263 682 1328 dexteram
692 1261 951 1327 transferendum
962 1281 999 1325 se
1009 1280 1086 1325 esse
1096 1261 1232 1339 scribit;

136 1365 170 1426 et
181 1382 256 1427 cum
272 1363 379 1448 ejusd.
394 1366 452 1430 lib.
469 1366 597 1448 Hymu.
613 1381 664 1429 vr.
680 1366 755 1429 150.
777 1383 851 1432 eam
872 1364 938 1428 sibi
961 1381 1037 1427 csse
1052 1381 1149 1446 spem
1168 1363 1232 1440 ait,

135 1465 218 1527 utin
233 1466 352 1530 eodem
366 1466 389 1533 J
391 1467 493 1532 udicii
508 1467 563 1532 dio
577 1468 649 1531 suis
660 1467 833 1531 tormentis
850 1464 887 1530 S.
905 1464 1108 1529 Fructuosus
1121 1463 1233 1529 mede·

135 1565 202 1629 lam
217 1567 378 1632 obtineat
421 1568 548 1634 Verum
563 1568 628 1646 his,
642 1588 710 1632 nou
725 1567 818 1651 quod
833 1568 978 1632 futurum
999 1583 1115 1630 revera
1128 1573 1233 1645 esset,

135 1666 194 1732 sed
209 1668 300 1751 quod
314 1669 386 1753 ipse
409 1672 559 1754 peccatis
584 1671 656 1735 suis
676 1670 905 1756 promeruerit,
924 1670 1061 1733 innuere
1079 1668 1230 1733 voluisse

135 1768 291 1849 Potum,
306 1772 414 1836 cuivis
427 1772 528 1838 facile
543 1774 714 1837 intellectu
729 1778 794 1837 est.
840 1770 918 1849 Quo
939 1777 1052 1834 autem
1068 1770 1175 1852 magis
1190 1787 1229 1833 se

135 1868 342 1947 demittebat,
353 1891 395 1935 eo
407 1872 513 1954 magis
523 1874 559 1936 iu
571 1875 720 1937 interiori
736 1874 873 1949 lumine,
890 1871 1079 1953 ceterisque
1101 1871 1231 1936 virtuti·

134 1971 199 2034 bus
221 1970 430 2053 proficiebat:
453 1972 628 2036 ‘Resistit
649 1973 776 2056 quippe
800 1972 893 2035 Deus
917 1972 1080 2055 superbis,
1100 1972 1232 2036 humili·

134 2071 201 2134 bus
224 2078 337 2135 autem
363 2073 421 2137 dat
446 2072 608 2155 gratiam-⁹
651 2073 745 2136 Hinc
776 2072 995 2157 Psycomach.
1031 2071 1072 2136 P.
1093 2072 1155 2136 ult.
1176 2092 1230 2138 vs.

134 2170 210 2237 888.
233 2173 394 2256 plurimas
418 2173 552 2238 Christo
576 2174 703 2256 gratias
727 2174 808 2255 agit,
832 2171 925 2255 quod
950 2172 1017 2237 sibi
1038 2172 1232 2255 patefecerit

134 2273 279 2338 immane
292 2275 375 2339 illud
399 2275 552 2341 virtutum
568 2274 791 2357 vitiorumque
806 2277 984 2352 certamen,
999 2273 1042 2337 de
1057 2294 1126 2358 quo
1140 2274 1231 2339 Pau·

134 2373 189 2437 lus
203 2375 248 2440 ad
264 2374 362 2442 Rom.
384 2394 450 2442 v1r.
466 2378 554 2463 quod
575 2378 610 2444 iu
634 2375 736 2440 corde
750 2375 894 2443 hominis
917 2381 1081 2459 perpetuo
1095 2376 1231 2458 geritur.

134 2475 189 2542 Ita
205 2477 293 2541 euim
313 2478 380 2543 loo.
402 2481 457 2547 cit.

220 2608 251 2672 0
270 2612 403 2693 quoties
418 2615 573 2690 animam,
587 2613 744 2678 vitiorum
760 2619 855 2697 peste
871 2614 1017 2698 repulsa,

220 2711 396 2776 Sensimus
409 2713 588 2778 incaluisse
603 2714 703 2778 Deol
727 2716 860 2797 quoties
874 2713 1077 2798 tepefactum

221 2811 370 2879 Coeleste
385 2816 553 2896 ingenium
567 2822 648 2899 post
662 2816 786 2898 gaudia
805 2816 948 2880 candida
964 2821 1049 2880 tetro

220 2911 377 2978 cessisse
391 2915 589 2980 stomachol

178 3046 302 3113 Verum
315 3049 401 3113 iuter
414 3049 476 3114 has
489 3050 649 3116 luctantis
672 3052 793 3115 animae
817 3051 911 3117 vices
930 3050 974 3116 ad
999 3048 1166 3114 Christum
1190 3067 1229 3117 se

136 3168 174 3214 se
188 3156 396 3228 convertens,
411 3151 462 3216 sic
487 3171 563 3215 eum
587 3152 831 3216 ardentissimae
843 3151 996 3217 caritatis
1006 3150 1127 3217 affectu
1138 3170 1229 3219 com·

134 3251 297 3335 pellebat,
319 3249 447 3336 Apoth.
463 3272 512 3318 vs.
527 3251 603 3318 392.

179 3382 210 3446 0
225 3404 348 3449 nomen
362 3382 533 3468 praedulce
546 3382 647 3449 mihil
669 3384 741 3460 lux,
756 3390 789 3448 et
805 3383 922 3462 decus,
937 3390 973 3448 et
988 3404 1078 3468 spes,

177 3484 447 3569 Praesidiumque
461 3485 590 3548 meum!
611 3484 745 3565 requies
760 3504 781 3548 o
798 3491 888 3549 certa
900 3484 1068 3550 laborum!

176 3586 330 3652 Blandus
344 3584 378 3648 in
393 3603 448 3648 ore
464 3602 577 3665 sapor,
591 3584 741 3666 fragrans
756 3585 852 3664 odor,
861 3587 1003 3669 irriguus
1019 3586 1108 3666 icus,

176 3688 302 3754 castus
317 3706 419 3766 amor,
432 3684 575 3768 pulchra
587 3686 731 3769 species,
743 3687 874 3752 sincera
885 3687 1054 3769 voluptas.

15 3853 19 3859 ·
134 3824 188 3888 Ex
205 3841 272 3906 quo
288 3821 443 3886 abdicata
463 3839 570 3885 rerum
589 3823 800 3887 saecularium
815 3841 906 3900 cura,
922 3821 1056 3886 domum
1069 3822 1227 3905 redierat,

135 3927 168 3990 in
193 3923 406 3989 solitudinem
433 3943 471 3988 se
492 3924 682 4003 contulisse,
704 3923 804 3988 valde
831 3923 1007 4008 probabile
1029 3930 1100 4008 est;
1121 3925 1226 4011 idque

285 4108 317 4159 22
334 4104 431 4169 θεοῖς.
442 4103 539 4154 Remus
548 4104 575 4156 lu
582 4105 645 4159 Not.
653 4105 686 4156 ad
699 4105 779 4161 Prud.
792 4105 860 4172 apuu
872 4105 967 4162 Weiu.
979 4118 1005 4170 p·
1014 4108 1072 4159 olo.
