2752 4674
305 320 541 373 TESTIMONIA
570 324 749 375 VETRRUM
777 328 825 376 on
848 328 1081 379 annonario.
1198 315 1241 377 45

217 463 312 562 ¹lpsa
326 486 407 532 suos
424 477 532 534 armat
548 471 726 535 clamantis
739 471 882 535 buccina
896 471 1015 537 Pauli:

231 566 320 644 Quae
335 570 487 653 prudenti
505 572 585 635 olim
600 571 723 635 cecinit
740 571 939 636 Prudentius
954 592 1020 638 ore.

412 721 510 786 Beda
522 722 606 786 libro
621 720 664 786 de
680 722 808 785 ratione
823 724 973 786 metrica.

184 834 332 903 Metram
346 839 528 904 iambicum
543 841 709 903 senarium
724 840 847 922 recipit
862 841 1012 905 iambum
1028 842 1114 907 locis
1131 843 1238 908 omni-

142 941 214 1017 bus,
230 948 352 1024 praeter
365 942 596 1018 novissimum,
610 941 817 1025 spondaeum,
841 940 1022 1027 dactylum,
1036 950 1071 1008 et
1085 964 1238 1029 anapaes-

141 1049 208 1105 tum
224 1040 310 1106 locis
325 1041 524 1125 imparibus,
537 1041 760 1125 pyrrhichium
774 1040 854 1106 loco
865 1048 994 1108 tantum
1010 1046 1147 1126 ultimo;
1169 1068 1238 1131 qno

139 1143 368 1207 nobilissimus
380 1141 621 1226 Hispaniarum
635 1144 857 1208 scholasticus
869 1142 1024 1212 Aurelius
1036 1149 1237 1215 Prudentius

141 1241 294 1308 Clemens
308 1245 443 1328 scripsit
456 1247 655 1328 prooemium
671 1245 962 1330 Psychomachiae.

223 1392 246 1458 J
249 1412 377 1458 oannes
392 1393 585 1458 Ludovicus
600 1393 708 1458 Vives
725 1395 768 1459 de
783 1393 981 1463 Christianae
1002 1399 1151 1466 ioeminae

560 1496 705 1562 institut.
719 1497 776 1562 lib.
790 1515 814 1561 1.

181 1611 302 1696 Neque
319 1633 397 1678 vero
422 1614 530 1698 poiitis
553 1615 696 1690 carebit,
719 1616 748 1678 si
766 1617 919 1698 capiatur
942 1619 1102 1679 numeris.
1145 1616 1236 1681 Ade-

138 1725 213 1779 runt
227 1714 442 1793 Prudentius,
457 1717 594 1794 Arator,
612 1715 770 1799 Prosper,
790 1714 974 1793 Juvencus,
989 1715 1163 1795 Paulinus,
1177 1720 1236 1801 qui

138 1835 201 1880 non
214 1817 356 1881 multum
370 1816 515 1901 antiquis
529 1814 729 1882 concedant.
775 1815 930 1880 Inveniet
943 1815 1096 1900 prolecto
1111 1819 1144 1884 in
1159 1838 1236 1884 auc·

138 1917 266 1983 toribus
288 1919 378 1983 lectu
393 1918 598 2001 dignissimis
612 1917 724 1982 omnia
737 1918 902 1996 acutiora,
918 1919 1082 2001 pleniora,
1098 1920 1236 2004 majoris

138 2026 170 2084 et
183 2022 333 2086 certioris
358 2023 552 2104 voluptatis,
580 2028 715 2104 pastum
739 2020 882 2104 denique
909 2021 1011 2084 animi
1032 2021 1239 2105 jucundissi-

137 2142 248 2189 mum:
270 2143 348 2207 quae
364 2125 475 2189 omnia
491 2131 562 2187 tum
579 2124 658 2189 vitae
674 2123 816 2206 prosint,
830 2128 897 2187 tum
914 2124 1062 2188 animum
1079 2129 1235 2189 mentem-

141 2245 205 2308 que
218 2225 304 2290 mira
319 2224 546 2290 delectatione
561 2224 774 2309 perfundant.

219 2376 242 2442 J
245 2395 322 2443 oan.
344 2377 465 2441 Frane.
490 2375 594 2441 Picus
612 2373 816 2450 Mirandula,
831 2371 873 2437 de
894 2371 1010 2436 studio
1025 2371 1148 2437 divinae

425 2481 460 2540 et
473 2475 626 2541 humanae
643 2475 863 2560 philosophiae
879 2491 903 2539 r.
919 2473 950 2537 6.

92 2587 98 2598 ’
180 2595 238 2661 Da
252 2595 334 2659 mihi
348 2595 457 2658 virum
471 2595 644 2660 voluntate
659 2595 746 2658 bene
763 2593 935 2672 instituta3
958 2594 1014 2675 qui
1031 2593 1179 2657 carmina
1193 2593 1234 2658 de

138 2699 238 2764 rebus
260 2696 452 2764 Christiano
472 2698 527 2762 vel
543 2695 728 2774 credendis,
744 2695 798 2758 vel
814 2694 1001 2778 sperandiS,
1017 2693 1070 2760 vel
1095 2715 1235 2779 operan-

138 2799 190 2864 dis
203 2798 378 2866 coufioiat:
411 2806 539 2864 tantum
563 2799 671 2875 abest,
694 2803 731 2862 ut
754 2796 917 2873 damnem,
933 2802 991 2860 aut
1005 2814 1176 2875 accusem,
1198 2804 1234 2862 ut

136 2901 235 2966 ctiam
250 2920 448 2985 magnopere
457 2907 558 2978 tuter,
571 2899 713 2976 laudem,
725 2917 866 2972 venerer,
879 2904 913 2962 et
923 2897 1114 2981 amplectar.
1138 2897 1233 2975 Qua·

135 3003 184 3067 les
197 3001 289 3088 apud
304 3009 430 3068 ueteres
445 3009 577 3068 nostros
586 3002 678 3066 inere
690 2999 908 3076 Prudentius,
920 2999 1090 3076 Sedulius,
1105 2998 1232 3064 Dama·

137 3122 205 3184 ens,
221 3104 347 3189 aliique
362 3105 521 3170 nonnulli.

178 3253 341 3319 Erasmus
357 3253 575 3321 Roterodam.
591 3255 633 3320 de
648 3253 762 3338 pueris
776 3251 953 3318 liberaliter
967 3248 1188 3314 instituendis.

178 3371 201 3437 J
204 3393 258 3438 arn
275 3373 307 3438 si
322 3375 397 3456 quis
412 3373 642 3450 Prudentium,
651 3390 752 3435 unum
768 3370 856 3434 inter
871 3367 1078 3432 Christianos
1093 3385 1168 3432 vere
1183 3364 1231 3430 la-

136 3472 279 3539 cnndum
294 3472 442 3558 poetam,
458 3475 548 3540 volet
560 3493 727 3554 enarrare3
750 3473 865 3538 literas
889 3470 990 3536 etiam
1004 3489 1148 3536 arcanas
1164 3471 1232 3535 cul·

136 3577 207 3642 leat
221 3583 364 3660 oportet.
