2752 4674
139 296 161 364 4
584 306 790 360 annuncio.
838 336 839 340 η

138 455 232 531 lium,
259 454 316 538 qui
340 454 375 518 in
397 453 487 518 votis
511 450 656 529 hahent,¹
682 457 721 515 nt
743 469 821 514 cum
843 447 1000 531 Virgilio,
1021 443 1179 527 Horatio,
1191 468 1233 516 ao

139 555 313 633 Cicerone,
329 556 363 618 in
378 553 574 619 Christianis
598 551 737 637 scholis,
761 551 861 614 etiam
876 549 1064 626 Juvencus,
1087 549 1233 615 Luctan-

139 657 217 735 tius,
230 664 332 740 atque
348 654 548 719 Prudentius
563 653 817 736 conjungantur,
832 669 900 733 quo
911 650 1070 733 juventus
1084 649 1234 716 Catholi-

139 774 189 820 cae
217 757 388 838 religionis
412 756 638 838 fundamenta,
666 754 788 818 veteris
817 751 980 816 Ecclesiae
1008 751 1232 834 disciplinam,

138 876 259 935 mores,
271 865 307 921 et
317 858 411 922 vices
421 856 593 936 addiscere
601 860 731 919 mature
742 853 852 917 velem
863 872 904 917 ac
915 859 1005 917 recte
1015 871 1236 938 cognoscere3

137 957 228 1040 quod
256 976 339 1021 sane
361 956 505 1021 multum
531 955 695 1020 conferret
716 953 759 1018 ad
783 951 941 1037 pietatem
963 960 998 1016 et
1023 953 1066 1016 ad
1089 954 1232 1019 solidam

137 1059 245 1122 omnis
260 1060 389 1139 generis
410 1057 642 1121 eruditionem.
686 1054 758 1119 Res
782 1056 870 1118 enim
892 1055 922 1118 si
942 1060 1087 1138 spectes,
1103 1056 1232 1140 absque

136 1158 209 1222 nlla
224 1160 478 1242 comparatione
497 1158 748 1242 praestantiores
762 1157 806 1220 ab
821 1156 874 1219 his
889 1154 1129 1237 Scriptoribus,
1146 1156 1233 1222 divi·

137 1278 180 1322 no
197 1259 296 1324 Fidei
316 1261 440 1325 lumine
460 1261 648 1344 perfusis,e
671 1258 849 1322 Sacramm
871 1256 1055 1323 literarum
1075 1256 1232 1323 thesauro

136 1360 358 1443 proferuntur,
369 1383 470 1446 quam
487 1382 565 1447 quae
580 1360 720 1444 proferri
732 1361 776 1423 ab
790 1357 867 1422 ullis
883 1357 1089 1421 ethnicorum
1112 1366 1233 1440 potue·

136 1463 214 1540 rint,
230 1465 288 1548 qui
310 1465 524 1548 quantumvis
547 1465 625 1527 licet
645 1461 822 1527 illuminati
836 1461 1038 1537 viderentur,
1058 1479 1172 1525 caecos
1184 1466 1233 1526 ta·

136 1583 214 1631 men
226 1564 342 1644 fuisse,
356 1583 399 1631 ac
411 1565 447 1629 iu
463 1566 606 1629 tenebris
621 1565 810 1628 ambulasse
824 1561 960 1626 Veritas
983 1562 1061 1645 ipsa
1082 1566 1231 1627 testatur,

137 1662 218 1730 Luc.
236 1685 259 1730 r.
272 1667 328 1731 79.
373 1663 429 1730 Ad
451 1665 538 1746 haec,
562 1684 638 1730 cum
661 1663 858 1728 Christianis
875 1663 988 1740 rebus,
1003 1661 1232 1727 Romanorum

137 1784 282 1851 quoque,
296 1766 505 1850 aliarumque
527 1769 670 1848 gentium
694 1765 824 1848 antiqui
841 1765 936 1842 ritus,
953 1764 1233 1847 Philosophorum

137 1875 241 1930 sectae
255 1886 296 1930 ac
310 1867 448 1947 placita,
469 1868 505 1930 in
523 1867 578 1929 his
595 1869 780 1929 nostrorum
801 1865 908 1942 libris,
930 1863 1108 1928 luculentis
1122 1864 1232 1929 verbis

134 1969 425 2047 repraesentantur,
447 1968 484 2026 ut
505 1963 565 2047 qui
587 1962 724 2027 eosdem
745 1970 870 2027 attento
886 1963 999 2027 animo
1014 1964 1140 2046 legerit,
1158 1964 1233 2047 plu·

134 2064 254 2128 timum
267 2082 304 2128 se
318 2062 503 2147 profecisse
517 2065 637 2128 sentiet
651 2063 686 2126 in
701 2064 744 2127 iis
760 2064 862 2128 etiam
884 2064 1004 2143 literis,
1022 2086 1099 2149 qnae
1110 2064 1233 2148 jurant

135 2169 170 2228 et
183 2168 300 2228 ornant
321 2163 480 2228 universa
503 2163 756 2247 disciplinarum
781 2163 909 2245 studia;
935 2167 1026 2249 quod
1041 2166 1172 2231 tandem
1188 2162 1234 2231 ad

135 2266 309 2331 verborum
333 2267 512 2347 puritatem
534 2274 637 2351 atque
659 2266 855 2348 elegantiam
880 2268 1011 2346 attinet,
1034 2269 1119 2333 nulli
1142 2275 1233 2332 certe

134 2367 348 2449 profanorum
372 2367 508 2432 secundi
528 2369 731 2452 reperientur
744 2369 787 2432 ab
803 2368 857 2447 iis,
873 2369 932 2455 qui
945 2369 987 2434 ad
1002 2389 1060 2433 eos
1074 2368 1232 2451 legendos

135 2468 280 2533 animum
299 2488 321 2532 a
341 2470 573 2554 praejudicatis
595 2469 814 2553 opinionibus
838 2487 983 2536 vacuum
1007 2470 1231 2536 traduxerint:

136 2589 176 2634 ac
193 2569 223 2633 si
238 2568 320 2653 quid
329 2572 431 2635 etiam
444 2570 699 2648 desideraretur,
715 2572 885 2634 reminisci
899 2579 1066 2654 oporteret
1075 2573 1130 2635 vel
1140 2572 1232 2636 illius

135 2670 335 2750 Quintiliani
350 2670 480 2748 moniti,
498 2689 566 2754 quo
582 2669 765 2734 curandum
784 2671 818 2734 in
842 2671 958 2753 primis
974 2671 1063 2736 aitt²
1085 2667 1160 2736 ‘Ut
1182 2681 1233 2737 te·

133 2790 222 2835 neree
252 2771 518 2836 adolescentium
540 2777 683 2849 mentes,
705 2777 927 2855 tractnraeque
947 2771 1046 2836 altius
1069 2771 1232 2857 quicquid

134 2873 273 2937 rudibus
285 2880 317 2936 et
331 2873 475 2936 omnium
489 2871 615 2954 ignaris
627 2874 796 2951 insederit,
812 2891 878 2937 non
892 2873 994 2937 modo
1007 2893 1084 2958 quae
1097 2874 1232 2953 diserta,

136 2972 197 3040 sed
225 2972 281 3039 vel
303 2973 409 3055 magis
432 2995 510 3057 quse
531 2975 668 3038 honesta
697 2982 786 3054 sunt,
812 2975 966 3040 discant?
1009 2976 1078 3040 Sed
1101 2974 1231 3041 dehoc

133 3073 266 3140 videant
287 3076 336 3159 pii
361 3078 597 3161 sapientesque
621 3077 867 3161 gymnasiorum
891 3075 1128 3153 moderatores,
1151 3083 1187 3141 et
1209 3078 1233 3142 ii

135 3175 260 3259 quibus
275 3195 354 3240 cura
368 3177 556 3241 erudiendae
572 3177 759 3260 juventutis
781 3178 964 3242 incumbit.³
1011 3177 1085 3241 Nos
1100 3176 1232 3242 interim

135 3283 332 3361 susceptum
361 3277 575 3343 Praeiationis
604 3299 691 3362 opus
720 3298 971 3363 prosequamur,
994 3279 1029 3343 in
1052 3297 1131 3361 qua,
1156 3279 1232 3343 Doo

134 3377 244 3455 dante,
259 3399 326 3442 non
338 3380 573 3463 perfunctorie,
589 3386 626 3443 ut
640 3373 827 3464 superiores
844 3380 1012 3459 Editores,
1036 3380 1096 3445 sed
1113 3399 1232 3464 opero·

135 3476 208 3543 sius
222 3478 409 3561 aliquanto,
422 3480 622 3565 pleniusque
633 3480 857 3547 disseremus:
881 3482 935 3546 De
944 3481 1027 3546 Vita
1039 3481 1233 3546 Prudentii:

167 3626 231 3676 lin
257 3627 344 3677 libello
363 3627 475 3678 Bmileae
498 3641 595 3679 excuso
622 3643 664 3679 aa.
736 3631 858 3684 hlustit.
869 3647 891 3682 1.
903 3636 945 3683 11.

135 3706 265 3767 usuque
276 3703 663 3756 continentnrlnrenciPresh.
735 3712 749 3757 8
766 3709 794 3758 Si
806 3708 847 3758 cai
863 3705 997 3757 consilium
1008 3705 1056 3756 hoc
1068 3703 1232 3772 probaretur,

134 3777 181 3827 iih.
200 3779 272 3826 tres‘
286 3780 328 3828 De
349 3779 418 3831 Hist.
433 3779 552 3843 Erang.,'
568 3778 663 3830 Arato·
702 3783 726 3832 ei
738 3798 771 3832 ex
782 3782 899 3832 omnihus
913 3782 1003 3832 Podtae
1016 3782 1138 3846 operibns
1148 3781 1232 3834 lucili·

134 3853 171 3902 ris
189 3852 662 3919 tth.1r.Act.Apost.,etPrudentii
702 3873 757 3921 ors,
774 3865 802 3908 et
820 3857 854 3908 ad
874 3872 1011 3922 puerorum
1028 3865 1133 3923 captum
1151 3860 1231 3922 magia

134 3929 267 3980 Euchirid.
285 3945 331 4000 seu
343 3932 452 3994 Dyptie.
474 3935 660 3984 annuntiantur
701 3933 895 3984 accommodata
911 3933 1046 3997 seligenda
1060 3932 1155 3993 torem,
1166 3942 1195 3984 ut
1207 3949 1232 3984 e.

134 4003 161 4052 in
170 4003 227 4066 ipso
235 4004 312 4054 tltnlo
322 4012 444 4068 tanquam
454 4007 567 4060 ‘schole
573 4009 659 4059 Chris·
700 4021 725 4071 g.
736 4006 936 4058 Cathemerinon
948 4008 1022 4070 liber,
1031 4008 1228 4074 Psycoutsehia,

134 4078 213 4130 tianae
225 4080 364 4134 nassutti
374 4080 469 4131 libelli:
700 4077 744 4130 vel
752 4081 832 4132 etlam
843 4081 944 4148 aliquot
953 4082 1102 4150 Peristeph.
1114 4083 1223 4148 Hymni.
