2752 4674
488 303 650 352 nultum!
677 303 888 352 subcutitur
935 322 940 336 ¹
985 342 990 347 .

358 447 473 531 Caligo
488 454 587 512 terrae
600 448 761 512 scinditur

311 547 476 613 Percussa
489 549 573 612 solis
589 549 744 632 spiculo:
813 546 816 557 '

311 649 494 733 Rebusque
504 651 576 734 jam
591 651 682 714 color
697 651 784 714 redit

309 750 419 817 Vultu
433 754 568 817 nitentis
584 751 717 817 sideris.

352 854 409 919 Sic
425 862 539 918 nostra
552 873 633 919 mox
648 852 847 928 obscuritas,

312 955 521 1037 Fraudisque
536 964 656 1036 pectus
672 955 856 1028 conscium,

309 1056 435 1140 Ruptis
450 1061 613 1120 retectum
627 1054 785 1131 nubibus,

310 1158 490 1240 Reguunte
506 1156 670 1240 pallescet
685 1156 770 1220 Dec.

351 1259 449 1324 Tunc
464 1279 530 1324 nou
544 1258 664 1322 licebit
678 1257 833 1323 claudere

311 1360 412 1440 Quod
428 1363 573 1446 quisque
588 1361 721 1425 iuscum
735 1362 882 1444 cogitat:

309 1462 378 1528 Sed
392 1483 488 1528 mane
503 1464 687 1527 clarescent
700 1482 792 1528 novo

309 1566 448 1626 Secreta
461 1565 746 1646 mentisprodita.
791 1616 793 1619 .

352 1663 421 1728 Fur
435 1671 510 1730 ante
524 1664 635 1729 lucem
650 1664 806 1748 squalido

311 1765 454 1850 Impune
469 1772 588 1849 peccat
602 1771 773 1850 tempore:

311 1866 380 1932 Sed
394 1868 454 1932 lux
468 1866 556 1933 dolis
571 1867 739 1932 contraria

135 2079 193 2127 celis
203 2077 359 2141 ἀίεείραπίιιτ,
369 2081 394 2125 et
403 2081 510 2139 aspectus
519 2075 594 2125 lucidi
603 2074 690 2124 sideria
700 2075 755 2135 jam
772 2075 863 2125 inducit
873 2077 972 2126 colorem
981 2077 1051 2125 rebus
1057 2093 1066 2134 ‚·
1078 2076 1114 2124 iia
1127 2075 1236 2124 Christus

137 2157 239 2204 regnam
255 2141 353 2205 dissipat
367 2140 420 2200 jum
438 2140 562 2202 caliginem
579 2146 667 2189 maim
686 2139 782 2201 neatis,
801 2145 824 2188 et
840 2143 936 2189 resolcit
952 2142 1023 2190 nubw
1033 2141 1150 2190 discussus
1159 2140 1237 2188 cardia

135 2208 221 2267 rderti
231 2207 299 2256 dolia.
335 2205 393 2255 tum
401 2221 467 2254 uerno
474 2206 562 2268 poterit
573 2207 690 2254 occatum
698 2219 806 2267 penem
816 2206 930 2266 cogitatu,
940 2221 991 2268 quoe
1002 2207 1088 2263 balim
1100 2206 1140 2253 aed
1151 2209 1236 2253 cuncta

136 2287 223 2321 crem
233 2270 307 2322 animi
322 2269 440 2334 patefacta
455 2272 507 2319 lucc
523 2285 582 2318 acon
597 2269 749 2333 apparebunt.
784 2268 859 2318 latro
871 2270 971 2330 juratas
986 2270 1079 2333 impunc
1096 2274 1163 2317 aucte
1173 2273 1236 2316 trae·

136 2335 269 2386 benaiam
285 2340 340 2384 uate
350 2337 474 2385 adventum
492 2334 551 2398 diei,
566 2336 608 2384 scd
623 2335 674 2383 dica
692 2335 803 2384 uducrm
815 2334 944 2393 fraudibus
957 2336 1042 2384 atatim
1053 2335 1143 2396 detegit
1154 2332 1237 2391 sarta.

593 2477 776 2496 ‘mmm

170 2583 183 2626 1
193 2578 272 2639 jubila
283 2579 381 2642 Eg.—8
401 2577 489 2627 aiteati
508 2577 610 2629 Heli
624 2577 732 2641 pellexi
752 2577 815 2628 Vat.
834 2585 903 2640 trea3
922 2577 1015 2629 lleina.
1035 2577 1131 2641 Delpb.
1143 2565 1237 2626 Wcita'.

634 2724 741 2776 NOTAE

144 2891 149 2900 ,
167 2843 182 2888 ὅ
201 2836 286 2899 Caligo
305 2835 388 2899 terra]
406 2836 466 2886 Nox
488 2851 519 2887 ac
537 2836 665 2897 tenebra,
706 2838 743 2888 cis
760 2852 913 2902 repercussu
925 2837 988 2887 varii
999 2835 1142 2887 reddantur
1164 2834 1235 2884 colc-

136 2928 194 2979 quae
208 2919 277 2963 terra
285 2911 475 2962 interveniente
481 2912 556 2975 fiunt,
565 2913 619 2962 sole
631 2912 665 2964 ab
706 2928 763 2975 rea;
785 2928 833 2963 acu
842 2913 910 2979 quod
921 2913 982 2962 solia
993 2918 1093 2962 tautum
1107 2907 1236 2960 beneficio

136 2995 242 3054 aspectu
268 2996 358 3038 nostro
377 2988 518 3038 subtracto.
535 2989 616 3053 ‘lpsa
638 3004 664 3038 e·
705 2990 746 3039 isti
768 2990 868 3039 colores
879 2996 1028 3039 cernantur.
1061 2985 1236 3036 Idtracta‘tur

135 3065 205 3128 raim,³
232 3065 316 3129 iuquit
338 3063 441 3128 Cicero,
457 3063 567 3113 ‘umbra
585 3072 663 3116 terra
704 3063 785 3115 furius
801 3065 833 3114 ab
851 3065 996 3131 Epicureis,
1009 3069 1102 3114 contra
1118 3074 1183 3126 quoa
1195 3069 1234 3110 ta·

135 3141 182 3191 soli
195 3138 310 3191 officiens
321 3147 425 3190 noctem
436 3137 535 3190 efficit!
704 3155 762 3190 meu
772 3140 923 3191 Academici
935 3147 1089 3204 repugnant.

166 3215 306 3281 tiSpicelo]
319 3215 418 3280 liadiis,
428 3215 580 3280 improprie.
592 3215 665 3266 Alibi
738 3217 914 3280 repetierat]
943 3214 1044 3265 Alindit
1071 3213 1103 3263 ad
1131 3221 1233 3278 ternpus

89 3326 93 3333 .
135 3293 233 3343 rectius
261 3293 335 3357 dicit,
366 3291 519 3342 ‘radiorum
548 3290 665 3355 spicula-⁹
704 3293 868 3355 matutinum,
882 3291 1141 3357 quoanrorapallet.
1158 3291 1233 3355 virg.

135 3368 212 3418 Radit
238 3369 305 3418 enim
332 3367 438 3432 spiculis
471 3375 664 3430 comparantur.
704 3368 809 3418 AEntv.
829 3373 887 3418 ⁵85.
905 3369 1029 3419 ‘Tithoni
1048 3382 1169 3419 croceum
1186 3369 1234 3417 lin·

135 3444 240 3493 Lucet.
257 3442 338 3491 ‘Nou
350 3441 496 3499 radiisolia,
507 3441 664 3505 nequelucl·
704 3459 785 3508 quens
801 3460 893 3496 aurora
904 3446 1006 3496 cubile.¹
1036 3445 1140 3498 Aurora
1155 3446 1233 3506 enim,

134 3519 168 3568 da
180 3519 233 3569 tela
244 3517 297 3567 diei
306 3517 322 3565 ε’
332 3523 358 3565 et
369 3516 416 3567 lib.
428 3531 466 3567 vr.
482 3518 534 3567 ‘Et
545 3516 611 3565 redii
622 3532 663 3567 so·
704 3527 733 3570 ut
746 3522 838 3572 videre¹
848 3531 900 3585 est,
911 3523 937 3571 in
948 3536 1012 3572 roste
1025 3523 1113 3572 colore
1124 3522 1235 3585 albicat,

135 3596 168 3645 lia
177 3593 306 3660 cogebant
317 3591 434 3657 undiquc
453 3599 550 3642 terram
562 3593 662 3653 Verbe-
702 3598 883 3662 alentiinlgue
895 3598 996 3649 flamma
1006 3598 1126 3648 albescit.
1145 3599 1233 3651 Quare

135 3673 207 3722 ribus
217 3673 316 3724 crebris
324 3671 478 3722 extremaad
491 3671 578 3721 limina
586 3686 661 3736 aper·
701 3680 729 3724 et
740 3674 894 3740 abantiquis
906 3673 999 3738 poetis,
1010 3688 1083 3724 rosea
1094 3687 1139 3722 sen
1148 3673 1233 3724 rosida

135 3748 390 3810 tam‚1nmedi0ut
405 3749 529 3814 propulsa
545 3762 591 3799 suo
602 3764 662 3800 cou-
701 3751 831 3801 interdum
852 3751 1010 3815 appellatur,
1029 3757 1057 3800 et
1075 3750 1186 3801 candida
1204 3757 1233 3801 et

135 3823 217 3874 densa
226 3823 329 3875 coiret!
702 3827 807 3892 pallida.
840 3826 1038 3876 Lucret.lib.v.

166 3900 256 3949 idaia
272 3903 334 3950 color
350 3901 427 3966 redit]
464 3902 563 3954 Eodem
583 3917 661 3955 aenan
734 3907 765 3953 tr
782 3901 941 3966 Antelucem]
959 3900 1054 3951 Omnia
1071 3901 1128 3951 lroec
1144 3915 1231 3950 excru-

135 3974 208 4038 Virg.
224 3975 279 4026 'Et
289 3976 365 4025 rebna
376 3991 427 4027 nox
438 3980 544 4030 abstulit
554 3987 611 4031 atra
618 3995 660 4031 cu·
700 3978 744 4043 pla
753 3977 902 4029 referuntur
919 3977 951 4027 ad
970 3979 1013 4026 illa
1024 3976 1121 4028 Christi
1133 3977 1214 4027 verba
1226 3992 1232 4023 ι

134 4050 235 4103 larem}
266 4052 319 4103 Seu
335 4053 404 4119 quod
423 4057 524 4107 colores
543 4070 593 4106 nou
609 4056 660 4106 dis·
700 4053 774 4106 ‘Qui
785 4056 852 4104 male
864 4055 928 4119 agit,
936 4053 993 4104 odit
1004 4052 1106 4103 lucent!

134 4127 286 4195 tinguantur
304 4143 320 4177 a
337 4128 606 4196 lumine,dircmquc
620 4131 658 4181 lu·
