2752 4674
479 307 639 357 AURBLH
666 306 878 358 PRUDBNTH

396 562 452 608 ΠΙ.
497 560 659 610 HYMNUS
684 561 787 610 ANTE
811 562 942 611 OlBUM.

178 694 309 744 Hortatur
319 694 429 758 seipsum
443 693 527 743 Poeta
539 693 571 743 ad
584 693 636 743 cibi
649 694 827 756 parsimoniam
839 702 867 746 et
878 695 989 745 sobrium
1001 710 1099 746 cunam
1109 712 1184 763 qnam

615 773 750 825 describit.

308 879 338 944 0
355 897 544 945 cancrena
559 883 662 960 bone,
675 883 837 947 lucisator

307 983 538 1068 Omnipareus,
553 986 620 1068 pie,
637 985 825 1069 verbigena,

306 1087 406 1151 Edita
420 1106 558 1170 corpore
574 1086 732 1169 virgineo,

309 1190 378 1254 Sed
395 1189 487 1273 prius
504 1191 536 1253 in
552 1189 699 1271 genitore
713 1194 843 1272 potens,

306 1290 420 1368 Astra,
437 1292 662 1382 solnm,mare
681 1310 781 1374 qnam
797 1290 922 1355 fierent.

350 1393 432 1457 Hno
445 1392 564 1470 nitido,
579 1410 711 1476 precor,
725 1392 847 1455 intuitu

309 1494 424 1559 Flecte
438 1494 643 1559 salutiferam
656 1493 791 1570 faciem,

307 1596 428 1662 Fronte
439 1615 595 1675 aerenus;
617 1602 652 1660 et
667 1594 803 1673 irradia,

307 1697 464 1763 Nominis
478 1704 516 1762 ut
530 1699 592 1762 sub
608 1696 731 1762 honore
747 1698 795 1761 tui

307 1799 384 1891 Has
396 1800 515 1883 epulas
528 1800 631 1862 liceat
645 1817 777 1881 capere.

350 1899 402 1964 Te
415 1902 486 1964 sine
500 1899 597 1963 dnloo
614 1899 709 1975 nihil,
727 1900 881 1977 Domine,

309 2001 384 2065 Neo
395 2001 492 2085 juvat
506 2021 563 2066 ora
579 2000 660 2084 qnid
674 2008 842 2083 appetere,

307 2104 439 2168 Pocula
453 2104 487 2166 ui
502 2104 604 2186 prius,
621 2109 722 2186 atque
739 2105 846 2182 cibos,

308 2203 449 2283 Christe,
464 2213 541 2269 tuns
554 2205 650 2268 favor
663 2204 832 2283 imbuerit,

308 2305 430 2372 Omnia
444 2306 671 2372 sanctificante
686 2306 762 2370 fide.

173 2527 264 2577 Obose
280 2528 349 2585 Jess,
369 2530 410 2591 qui
422 2527 556 2590 pependisti
572 2528 598 2577 in
608 2542 684 2588 crure,
694 2527 734 2589 qui
750 2529 836 2577 measti
853 2527 926 2576 iscam
946 2532 968 2578 et
985 2542 1062 2577 onmes
1078 2543 1125 2584 res,
1147 2530 1188 2591 qui
1209 2543 1233 2576 et

136 2592 231 2640 nerbono
240 2593 358 2653 genitam,
374 2595 415 2653 qui
432 2607 456 2639 es
467 2597 531 2639 ortuo
541 2594 570 2638 ds
580 2592 810 2651 mngrdquurioe:
828 2592 881 2640 licet
891 2607 949 2641 esses
959 2593 1102 2657 manipotem
1112 2593 1138 2641 ia
1149 2595 1234 2653 Putre,

135 2657 272 2718 prinsquam
283 2657 374 2711 cuium.
385 2660 458 2709 terro,
469 2669 533 2702 mure
544 2659 689 2711 crearentur,
700 2656 777 2716 aspice
793 2670 844 2715 nos,
862 2671 947 2716 queso,
966 2657 1022 2704 bono
1037 2659 1120 2706 oscito:
1133 2664 1233 2720 ponnus

136 2719 231 2768 ostende
242 2725 307 2768 tuom
318 2717 410 2778 sociem
428 2717 550 2773 saisirem,
568 2723 591 2765 et
611 2731 651 2766 sos
668 2718 785 2779 illumina,
800 2724 827 2766 ut
845 2722 1041 2781 possimmogere
1052 2722 1233 2770 hocoouos'oiros

136 2785 257 2832 haonstat
273 2787 340 2831 tuum
356 2797 444 2831 nomem
477 2782 517 2829 Mi
528 2782 598 2842 Jm,
609 2783 666 2844 quisi
681 2798 726 2831 noa
742 2789 777 2832 est
792 2783 944 2844 injucundum
960 2784 1012 2833 sine
1028 2789 1071 2833 tet
1085 2799 1127 2832 sec
1138 2785 1182 2844 jus
1197 2790 1233 2834 est

139 2847 284 2896 Christianis
301 2847 423 2910 ᾳιιίιςιιαω
433 2848 559 2907 comedere,
577 2845 634 2922 quin
649 2847 725 2910 prius,
742 2862 756 2894 o
776 2847 880 2906 Christo,
897 2854 939 2897 tuo
954 2847 1078 2897 &mun
1088 2849 1233 2898 macra

133 2916 214 2975 potum
225 2917 249 2961 et
259 2911 351 2961 mium:
367 2911 423 2975 osio
432 2909 496 2976 fidet
511 2910 644 2976 soncttficnt
663 2916 753 2960 cuncto.
787 2912 884 2961 Nostra
899 2927 959 2962 esca
975 2915 1095 2962 redoleant
1105 2914 1197 2970 deum.
1208 2919 1232 2963 et

595 3066 772 3088 eumuna

168 3182 180 3226 l
193 3178 252 3226 tucis
262 3182 344 3227 metm
355 3178 436 3226 P.—t
446 3192 540 3228 musmo
547 3179 608 3228 Vnt.
615 3182 724 3227 ιιι-20
735 3192 832 3241 superse
846 3179 934 3230 Heius.
945 3179 970 3228 in
980 3186 1034 3230 not.
1046 3180 1108 3230 Put.
1118 3180 1173 3231 Ait
1183 3180 1233 3244 Eg.

631 3335 738 3388 NOTAE

167 3450 184 3495 2
202 3448 370 3511 Omipuress]
388 3448 510 3499 Omnium
522 3462 608 3498 rernm
621 3463 665 3512 ps·
705 3445 768 3495 uitrii
779 3444 849 3494 aliud
866 3445 926 3508 erit,
937 3460 1013 3511 quoru
1024 3445 1105 3497 verbo
1121 3448 1233 3512 genitos,

135 3528 191 3572 ter:
204 3523 267 3587 quin
275 3537 322 3586 per
328 3524 420 3573 Filium
428 3527 509 3575 Peter
516 3525 601 3575 omnis
610 3538 665 3574 ore·
705 3524 750 3573 ut‘
762 3521 927 3586 Martigenu'
941 3523 1028 3572 Marto
1044 3523 1158 3587 genitus,
1168 3524 1233 3575 ‘Ju-

135 3601 199 3662 srit,
210 3606 239 3650 et
250 3599 305 3664 ipos
316 3613 364 3663 per
374 3613 467 3649 secum
476 3600 558 3650 Patre
568 3601 663 3665 etSpi·
704 3598 850 3662 nouigenu'
877 3599 981 3650 Jnnone
998 3599 1110 3663 genitus.
1129 3601 1233 3652 omns

134 3677 187 3726 ritu
195 3677 292 3727 Sancto
304 3677 414 3726 Creator
423 3685 474 3726 est.
483 3676 560 3728 Josn.
571 3692 630 3742 cup.
642 3693 661 3730 1.
704 3690 779 3724 sensu
789 3675 879 3724 Poe'tte
890 3676 1140 3734 vatdeaiienoroost,
1151 3685 1233 3741 etque

134 3752 463 3818 ‘Hoeeratinpriuoipio
479 3753 661 3818 upndDeunr:
703 3751 789 3801 nfide.
820 3751 952 3816 Siquidem
965 3752 1143 3803 Christusuon
1162 3761 1234 3803 ests

136 3828 220 3877 onmis
231 3843 278 3892 per
288 3828 370 3892 ipsum
382 3828 452 3880 iectu
463 3829 541 3880 sunt!
702 3830 783 3879 verbo
793 3835 890 3892 partus,
897 3829 942 3880 sed
950 3831 1057 3881 verbnm
1068 3831 1153 3896 ipsum
1164 3840 1207 3882 est
1217 3846 1233 3881 u

172 3902 314 3968 Verbigesn]
339 3907 447 3957 Courtut
463 3908 497 3957 de
515 3908 616 3958 Christo
632 3908 663 3956 ii·
703 3908 785 3957 Patre
802 3907 910 3958 editum.
942 3908 1042 3959 Eodem
1054 3909 1181 3959 vooubuio
1192 3907 1233 3958 nsi

135 3978 179 4029 lud
189 3993 282 4029 nomen
291 3979 344 4030 dici
352 3996 402 4031 non
412 3985 569 4049 posseinxts
578 3986 664 4034 latini
703 3992 763 4033 sunt
772 3984 882 4034 Sanctus
894 3984 1057 4049 Augustinus
1068 3983 1189 4036 contnuo
1200 3997 1232 4034 rr.

137 4057 261 4107 sermonis
283 4070 356 4105 nsum
384 4072 414 4107 ao
441 4061 550 4124 regulus.
583 4061 664 4110 Modo
702 4060 923 4124 ancyranorum
940 4061 966 4110 in
983 4061 1145 4125 expositione
1163 4073 1232 4124 sym·

136 4131 662 4199 enimproprieexponntur,‘verbigena’
704 4133 767 4184 boli.
