2752 4674
133 283 178 349 «12
579 294 785 344 sacrario.

134 441 276 523 benigne
292 439 424 515 Lector,
447 439 525 502 siin
548 439 592 502 iis
606 438 759 522 quaedam
781 439 952 502 enuntiata
976 438 1134 519 reperies,
1159 445 1233 504 tan-

136 562 236 625 quam
251 559 341 604 nova
356 547 458 623 atque
480 541 638 616 recentia,
661 546 694 603 ct
715 541 792 603 aliis
812 540 1035 615 inobservata,
1049 557 1128 623 quae
1142 539 1233 624 ejus·

135 643 226 707 modi
255 662 323 706 uon
346 661 421 707 essa
449 642 627 720 ridentur;
660 641 826 724 siquidem
851 647 955 718 erant,
985 641 1233 724 cumprimum

137 745 264 826 scripta
289 749 375 808 sunt.
421 742 489 808 Sed
516 763 592 807 cum
618 749 801 825 antequam
823 744 914 826 typis
937 743 1233 818 committerentur,

136 846 263 927 aliquot
279 843 469 908 effluxerint
483 847 573 922 anni,
596 862 636 908 ac
652 852 744 910 totos
767 864 827 908 sex
846 845 931 908 alios
945 844 1086 908 tenuerit
1108 842 1234 918 Editio,

135 946 364 1030 'l'ypographo
378 947 413 1010 iu
433 948 528 1029 plora
541 947 652 1023 nimis,
668 947 850 1010 maximam
871 947 915 1010 ob
936 947 1079 1010 nominis
1093 945 1234 1009 celebri·

135 1056 248 1125 tatem,
264 1047 439 1124 distracto,
460 1047 524 1111 hoc
546 1053 615 1110 tam
637 1048 734 1124 longo
750 1047 908 1130 temporis
926 1046 1102 1110 intervallo
1118 1065 1234 1110 senue-

136 1156 213 1213 runt
235 1148 494 1231 quodammodo,
519 1168 559 1240 ac
585 1168 683 1230 rugas
705 1148 814 1212 veluti
837 1152 1082 1223 contraxerunt,
1104 1147 1160 1211 rel
1189 1147 1234 1215 ab

137 1252 213 1315 aliis
230 1252 361 1334 prolata
371 1251 442 1334 jam
458 1261 493 1316 et
507 1252 691 1315 observata
714 1256 801 1314 sunt.
845 1248 900 1313 Ad
923 1249 997 1312 haec
1019 1249 1234 1331 quibuscum·

137 1373 202 1436 que
217 1353 310 1417 libris
326 1354 380 1417 vel
393 1356 495 1418 etiam
507 1352 665 1436 Hymnis,
681 1371 757 1416 cum
772 1371 826 1415 res
846 1350 1008 1434 postulat,
1033 1349 1234 1414 admonitio·

136 1474 212 1518 nem
228 1455 472 1536 praemittimus,
487 1473 565 1537 quae
580 1459 809 1535 argumentum
820 1454 960 1516 breviter
974 1451 1138 1534 explicat,
1152 1452 1235 1517 alia·

138 1575 205 1635 qua
227 1555 364 1617 exhibet
385 1558 428 1618 ab
452 1557 603 1620 instituto
619 1556 752 1620 minime
768 1555 895 1634 alicna3
917 1559 985 1618 tum
998 1553 1171 1636 appositae
1189 1553 1233 1617 ad

137 1655 315 1737 marginem
338 1656 473 1734 notulae,
490 1675 556 1719 nou
578 1655 684 1719 solum
711 1675 875 1719 summam
897 1657 954 1732 rei,
969 1655 1011 1719 de
1027 1674 1096 1737 qua
1111 1655 1233 1736 agitor,

136 1762 385 1839 repraesentant,
407 1755 466 1820 sed
488 1759 586 1820 etiam
607 1776 661 1820 res
685 1756 856 1837 indigitant
877 1776 949 1839 prae
970 1756 1046 1820 aliis
1074 1758 1233 1822 observe-

137 1857 231 1922 tiona
254 1856 379 1938 dignas.
424 1857 537 1923 Sacrae
560 1859 744 1941 Scriptura}
766 1859 853 1938 loca,
875 1860 918 1923 ad
941 1879 1019 1942 quae
1041 1859 1235 1941 frequentis·

139 1959 221 2023 simo
235 1960 371 2042 respicit
387 1958 504 2035 Po'c'ta,
527 1960 650 2043 pariter
671 1958 870 2037 indicamus,
892 1980 1004 2043 quam,
1024 1960 1153 2024 ratione
1176 1959 1235 2023 ha·

137 2063 210 2124 bita
224 2061 385 2142 temporis
407 2080 473 2142 quo
495 2060 645 2141 scripsit,
670 2079 715 2124 ex
741 2077 834 2123 cxx.
856 2061 1121 2144 Interprctibus,²
1143 2062 1234 2146 quod

137 2160 248 2226 Vetus
263 2163 403 2245 respicit
416 2161 682 2239 Testamentum,
697 2162 752 2226 rel
773 2182 817 2226 ex
843 2163 913 2227 alia
934 2163 1059 2228 Graeca
1083 2165 1235 2228 versione

137 2282 336 2346 expressam
362 2283 449 2340 essa,
476 2264 594 2326 mirum
616 2281 682 2326 nou
708 2268 768 2326 est.
825 2263 867 2327 Id
896 2283 973 2327 vero
1000 2269 1117 2340 totum,
1144 2264 1233 2348 quod

138 2366 273 2430 Lectori
288 2385 350 2429 neo
365 2366 541 2447 ingratum,
557 2385 617 2429 nec
633 2366 751 2430 inutile
766 2386 952 2449 speramus,
973 2367 1008 2429 in
1024 2367 1117 2449 prius
1133 2366 1234 2430 editis

136 2487 273 2551 prorsus
303 2467 565 2531 desiderabatur.
608 2467 694 2531 Tres
719 2469 867 2546 IndiceS,
892 2468 1073 2533 Cellarium
1102 2469 1233 2543 imitati,

138 2568 293 2632 addimus
307 2568 341 2630 in
355 2568 431 2631 fine.
476 2568 587 2632 Unum
601 2588 721 2646 rerum,
734 2570 872 2634 alterum
887 2572 1063 2634 verborum
1078 2589 1119 2635 ac
1136 2571 1235 2652 phra-

138 2667 236 2744 sium,
252 2669 385 2731 tertium
402 2687 526 2746 eorum,
543 2689 620 2751 quae
643 2670 802 2734 licentius
825 2672 924 2735 solito
951 2671 1154 2744 Prudentius
1173 2692 1235 2756 po·

138 2771 214 2832 suit.
257 2768 336 2833 Jam
366 2770 421 2833 hic
450 2771 545 2853 plura
574 2790 638 2834 non
667 2771 834 2835 adderem.
888 2773 953 2836 Sed
985 2772 1234 2856 persolvendum

136 2870 217 2933 mihi
240 2877 291 2934 est
306 2872 389 2953 grati
414 2873 516 2935 animi
542 2871 687 2936 officium
710 2893 789 2954 erga
811 2873 895 2938 duos
917 2874 1116 2956 perillustris
1131 2874 1233 2957 hujus

138 2971 301 3056 congreg.
325 2973 469 3037 Oratorii
487 2975 717 3058 Presbyteros,
732 2976 879 3058 mihique
902 2976 1136 3050 amicissimos,
1160 2977 1235 3058 qui·

136 3076 202 3137 bus
222 3095 304 3138 sane
320 3095 373 3139 me
389 3075 568 3156 plurimum
581 3077 701 3141 debere
715 3077 880 3162 profiteor.
927 3077 976 3140 Hi
990 3084 1068 3140 sunt
1089 3077 1161 3140 PP.
1176 3077 1198 3141 J
1201 3097 1235 3141 o-

139 3175 263 3258 sephus
287 3176 501 3252 Blanchinus,
527 3185 562 3240 et
585 3177 785 3243 Franciscus
810 3199 832 3242 a
860 3178 993 3254 Ρυῐεο,3
1028 3177 1236 3244 Veronenses

170 3328 186 3374 2
210 3325 241 3374 ld
265 3325 379 3388 pluribus
399 3327 557 3390 argumentis
574 3327 665 3392 probet
705 3328 809 3391 dicitur,
829 3328 985 3378 concinnare
1002 3326 1101 3389 studet,
1118 3327 1237 3376 Pruden-

137 3400 259 3451 Heiuslns
277 3402 303 3450 in
323 3400 444 3452 Addend.
461 3417 487 3465 p.
506 3403 665 3452 lassetur
706 3407 742 3454 tio
754 3405 851 3468 potius,
863 3419 938 3468 quarn
950 3403 1128 3465 Jnrcnco,rel
1144 3404 1235 3453 saltem

137 3491 169 3526 eo
181 3479 331 3540 praesertim,
341 3476 409 3540 quod
418 3478 504 3525 omnia
514 3476 596 3526 ferme
606 3492 665 3542 pro·
705 3483 833 3545 utrisque,
851 3480 934 3528 locum
946 3477 1072 3527 dedisset.
1104 3475 1155 3527 Ille
1166 3479 1235 3528 enim

137 3553 196 3618 pria
213 3552 274 3601 Vet.
292 3552 452 3602 Testamenti
468 3554 572 3602 nornine
591 3555 665 3604 cre·
707 3565 734 3606 et
749 3556 869 3608 Jureuco
888 3554 1019 3615 illustrior,
1036 3561 1063 3603 et
1077 3557 1148 3604 locos
1159 3555 1237 3619 louge

137 3644 194 3679 cunr
207 3630 232 3677 in
242 3643 339 3678 moreni
356 3629 490 3690 extulerit,
507 3630 585 3679 Sarra
601 3647 624 3680 e.
641 3646 665 3694 g.
706 3634 827 3699 plurimos
837 3633 887 3695 ipsi
899 3630 1125 3680 subministrasset.

137 3706 664 3768 Solomon,1lnil›acrrm&c.vid.inLut.
738 3713 753 3757 8
779 3709 809 3757 P.
831 3707 939 3770 Joseplri
967 3705 1104 3754 Blauchini
1128 3719 1234 3768 opernm

137 3783 268 3831 versiones
290 3785 406 3849 antiquas
427 3784 461 3834 ci.
481 3783 556 3833 Petri
573 3785 665 3834 Sabat·
705 3784 858 3846 catalogum
895 3790 983 3831 texere
1017 3794 1235 3843 supervacaneum

137 3857 197 3905 terii
216 3857 324 3908 Praefer.
343 3861 374 3909 P.
395 3874 427 3909 rr.
449 3860 562 3924 §tciri
579 3869 665 3909 tamen
704 3869 756 3921 est,
792 3873 848 3908 cum
880 3858 931 3906 siut
952 3857 1087 3906 Literarire
1113 3855 1236 3919 Reipubl.

137 3941 229 3982 auctor
256 3933 369 3998 inissam,
398 3941 427 3985 ut
454 3938 522 3986 inter
549 3938 666 4002 antiquos
705 3935 854 3985 notissima:
874 3949 930 3999 qua
943 3948 1003 3983 rero
1015 3932 1099 3981 cdidit
1110 3933 1143 3982 P.
1156 3932 1237 3981 Fran·

138 4009 262 4059 Ecclesia
274 4012 446 4074 Latl'atres,
461 4028 593 4077 equorum
605 4027 666 4078 ope·
707 4010 790 4060 circus
814 4024 829 4056 a
847 4009 940 4070 Puteo,
960 4021 1017 4056 corn
1037 4021 1112 4072 reque
1134 4007 1238 4072 persol-

138 4084 208 4134 ribus
225 4092 339 4138 veterem
360 4085 590 4150 editionem,1tsla
609 4101 667 4153 qun
708 4092 768 4151 gete
786 4098 838 4134 nou
858 4083 920 4148 sint,
937 4083 977 4134 hic
992 4082 1070 4146 jurat
1089 4082 1237 4147 subjicere,
