2752 4674
598 317 804 367 usurario.
1207 314 1250 379 37

140 471 184 517 ea
198 459 329 519 tantum
343 461 495 521 sectatus
510 465 561 522 est
576 456 764 538 Giseliuus,
780 483 855 546 quoe
871 468 1016 532 omnium
1040 477 1133 534 erant
1146 471 1249 536 tacil-
1330 523 1336 528 .

143 553 237 632 lima,
258 562 295 619 et
315 556 447 621 minime
461 558 549 622 scito
566 562 768 640 necessaria,
783 565 899 648 lapsus
916 569 951 630 in
965 569 1080 634 multis
1095 572 1197 636 ctiam
1215 582 1249 638 et

143 655 369 723 hallucinatus
381 665 443 725 est.
488 659 590 724 Mitto
605 662 690 725 alias
714 664 800 728 duas
816 665 991 734 Editiones
1005 671 1112 737 forma
1127 673 1246 741 minor.

144 758 244 823 abeo
260 766 392 825 curatas
409 760 549 828 Parisiis
575 784 629 828 un.
658 767 749 832 1566.
774 779 808 836 et
823 769 1026 852 bugd-Bet
1046 775 1144 839 1596.
1168 795 1247 859 quae

143 859 228 925 nihil
241 861 365 927 hebent
378 863 556 945 singulare.
601 865 711 932 Unam
734 877 768 935 et
782 871 920 936 alteram
936 875 980 937 ub
999 877 1140 954 nemine,
1156 878 1245 960 quod

143 962 262 1041 sciam,
277 964 543 1044 animadversus,
567 969 621 1033 bic
647 969 837 1053 subjiciam.
862 975 970 1052 Prior,
997 996 1073 1060 ques
1097 979 1247 1046 Basilum

99 1113 105 1123 ,
143 1083 219 1129 cum
232 1065 311 1131 aliis
325 1065 526 1134 Christianis
541 1069 660 1136 Poctie
669 1092 729 1154 per
739 1073 762 1138 J
763 1092 837 1138 oau.
850 1074 1037 1160 Oporinum
1051 1080 1178 1160 prodiit
1191 1099 1245 1148 uu.

142 1165 239 1232 1584„
249 1164 284 1230 8.
328 1165 446 1234 Altera
469 1189 544 1253 quoe
565 1168 674 1236 Celeri
692 1173 830 1255 vulgate
850 1184 906 1241 est
920 1196 974 1242 an.
993 1180 1089 1244 1574.
1105 1179 1137 1244 8.
1154 1180 1245 1264 apud

144 1265 358 1335 vincentium
372 1269 597 1349 Sembcnium,
612 1292 712 1356 quem
728 1273 782 1339 hic
808 1276 844 1339 in
869 1278 958 1342 Bibl.
982 1278 1055 1345 PP.
1071 1278 1244 1346 Minimor.

141 1371 177 1435 in
191 1369 314 1437 Monte
328 1370 449 1435 Pincio
464 1373 582 1456 reperi.
627 1374 703 1439 Prae
722 1373 882 1441 hactenus
902 1379 1105 1445 enumeratis
1121 1388 1244 1447 aucto·

140 1473 245 1550 ribus,
261 1472 320 1555 qui
333 1473 368 1536 iu
384 1472 601 1538 Prudentium
616 1477 746 1559 aliquid
760 1479 981 1557 contulerunt,
1004 1481 1170 1547 utiliorem
1186 1500 1244 1547 na·

141 1575 233 1638 ravit
245 1592 385 1657 operam
399 1573 421 1639 J
425 1594 499 1639 oen.
515 1574 680 1641 Weiteins
695 1579 806 1662 elapsi
820 1582 940 1645 saeculi
962 1581 1159 1658 Philologus
1174 1602 1244 1647 non

139 1675 411 1743 contemnendus.
434 1675 525 1741 Nom
538 1678 725 1742 noneolum
736 1685 888 1743 vetustos
903 1679 1079 1745 Prudentii
1095 1679 1242 1748 Codices

141 1776 224 1842 hene
249 1776 375 1841 multos
399 1778 563 1854 excussit,
589 1797 631 1842 ac
655 1778 839 1846 lectionum
863 1779 1073 1846 Variantium
1090 1781 1243 1865 syllogeu

140 1898 184 1943 ox
199 1877 321 1945 iisdem
336 1880 550 1944 concinnavit
571 1880 606 1943 in
629 1900 710 1945 usus
735 1883 904 1964 publicos,
926 1902 1040 1947 verum
1056 1885 1156 1948 etiem
1171 1904 1242 1953 om·

140 1982 231 2047 nium
245 1989 322 2047 ants
335 2001 373 2046 se
393 1982 547 2064 vulgatas
570 1983 605 2046 in
626 1982 848 2048 Prudentium
869 1983 903 2048 N
906 1994 982 2048 otus
995 1985 1142 2068 collegit,
1158 2007 1242 2053 sues

141 2082 283 2161 eddidit,
298 2101 425 2165 easque
440 2103 504 2148 non
521 2084 667 2161 inutiles,
682 2085 735 2148 vel
756 2087 800 2148 ob
817 2085 880 2149 hoc
897 2087 1027 2163 saltem,
1043 2088 1132 2169 quod
1150 2095 1241 2154 vete-

139 2203 210 2249 rmn
226 2183 413 2249 Auctorum
426 2184 520 2249 locos
542 2187 577 2250 in
591 2185 736 2249 medium
751 2185 937 2251 adducunt.
985 2186 1063 2251 Duo
1079 2190 1241 2254 tamenin

138 2286 202 2352 hee
217 2286 293 2371 ejus
308 2287 477 2365 Editione,
488 2305 566 2370 quae
578 2286 750 2351 Hanoviae
760 2289 853 2370 typis
867 2286 1098 2352 Wecbelienis
1110 2308 1241 2357 excuse

138 2386 271 2455 triten.
293 2388 390 2454 1613.
415 2388 446 2454 8.
469 2388 682 2472 reprehendit
706 2386 870 2453 Heinsius
896 2388 931 2452 in
957 2407 1022 2454 sua
1049 2388 1151 2453 Preti.
1195 2391 1242 2456 Et

139 2491 229 2575 qnod
244 2492 281 2557 in
295 2509 338 2556 ea
350 2489 594 2575 orthographiae
611 2491 707 2568 ratio,
721 2494 760 2554 ut
779 2491 958 2574 plurimum
982 2492 1117 2555 turbata
1137 2490 1192 2570 rit,
1207 2499 1241 2559 et

139 2594 229 2678 quod
248 2595 284 2658 in
309 2593 530 2676 discrepantis
554 2594 730 2677 scripturae
757 2592 892 2658 delectu
920 2593 1150 2675 expectationi
1165 2611 1239 2659 sum

136 2715 258 2780 porum
272 2695 442 2761 Weitzius
456 2695 689 2779 responderit3
716 2693 818 2779 adjici
842 2701 878 2758 et
896 2694 981 2761 illud
1002 2700 1127 2778 posset,
1148 2702 1240 2762 vete·

137 2801 210 2864 rum
222 2795 420 2877 Auctorum,
435 2798 574 2864 Patrum
589 2799 787 2881 presertim,
801 2797 889 2873 loca,
903 2816 980 2879 qum
995 2797 1131 2880 profert,
1146 2797 1239 2863 nullo

137 2899 238 2967 terme
252 2919 331 2965 esse
345 2900 435 2978 usui,
450 2900 540 2984 quod
552 2919 595 2964 ex
611 2901 760 2982 ipsorum
776 2898 936 2980 operibus
951 2899 1181 2983 supposititiis
1196 2918 1237 2964 ec

138 3002 263 3086 spuriis
279 3001 458 3085 desumpta
476 3003 675 3085 plerumque
703 3000 781 3064 sint.
826 2998 953 3064 Praeter
977 2996 1163 3065 Comment.
1188 2998 1240 3065 Si·

138 3103 269 3182 chardi,
285 3102 483 3169 Nebrisssn.
506 3103 652 3180 Erasmi,
674 3101 830 3185 Spigelii,
855 3107 889 3165 et
913 3099 1070 3178 Giselini,
1091 3120 1237 3183 quorum

133 3206 206 3293 jam
219 3206 360 3271 tulimus
368 3206 546 3291 judicium,
562 3212 740 3271 occurrunt
753 3206 786 3267 in
810 3204 873 3268 bae
897 3201 1106 3267 Collectione
1131 3201 1239 3267 Geor·

138 3308 183 3390 gii
204 3307 368 3386 Fabricii,
382 3305 508 3372 Adami
531 3314 566 3373 et
586 3306 756 3372 Theodori
784 3305 905 3382 Siberi,
931 3304 1032 3370 Joen.
1058 3302 1238 3382 Murmelii,

136 3407 273 3494 Georgii
289 3409 400 3487 Remi,
416 3410 560 3475 Androm
575 3409 729 3488 Wilchii,
744 3415 778 3473 et
793 3406 903 3471 leonii
929 3405 1086 3489 Magistri
1100 3407 1238 3490 exposi-

136 3514 248 3578 tiones
262 3518 297 3576 et
309 3519 413 3589 notas,
427 3513 551 3595 quihus
572 3532 617 3577 ex
636 3512 884 3595 interpretibus,
900 3510 929 3573 si
946 3509 1100 3575 leonium
1112 3517 1149 3574 et
1172 3509 1237 3572 Fe-

136 3615 279 3680 bricium
292 3614 459 3698 excipias,
474 3616 581 3680 ceteri
600 3634 719 3682 omnes
741 3614 853 3679 omitti
872 3611 1046 3679 commode
1061 3618 1237 3695 poterant3

136 3726 195 3783 aut
208 3720 297 3784 enim
320 3738 420 3782 uuum
442 3718 607 3783 duntaxat
631 3713 757 3797 Hymn.
779 3714 997 3780 commentati
1021 3719 1113 3788 sunt,
1128 3718 1186 3776 eut
1200 3712 1235 3778 in

139 3818 310 3904 Hymnus,
325 3819 391 3883 tria
404 3819 459 3882 uel
475 3826 632 3902 quotuor,
645 3816 748 3881 verbe
761 3836 823 3880 sex
838 3813 1003 3879 interdum
1018 3814 1236 3896 protulerunt,

137 3927 195 3987 aut
220 3927 361 4006 septem,
388 3923 483 3986 utin
511 3939 649 3984 numero
668 3921 881 4002 interpretum
904 3915 1088 4000 recipiendi
1109 3934 1237 3999 nequa·

138 4042 241 4107 quam
268 4023 348 4089 sint
407 4021 462 4090 Ne
490 4023 668 4091 Fabricius
698 4021 831 4107 quidem
856 4021 892 4085 in
917 4021 1034 4085 omnia
1063 4016 1237 4083 Prudentii

137 4123 251 4211 Opere
272 4126 542 4195 Commentarios
555 4127 716 4207 exaravit,
738 4125 800 4193 sed
824 4123 917 4193 iniis
940 4142 1016 4211 ques
1037 4118 1237 4187 illustranda
