2752 4674
426 319 475 368 nn
500 319 640 369 narnis
666 322 968 376 nnnnnurrsurs.
1199 318 1243 381 47

142 459 307 628 h(ilnagi
337 462 489 545 generis:
527 462 638 548 hymn.
668 465 702 532 2.
734 466 886 533 (lathem.
913 471 1023 553 hymn.
1056 474 1091 539 4.
1121 473 1240 539 Perist.

165 581 253 645 ymn.
292 609 301 625 .

185 737 347 816 Quintum
373 758 491 819 genus:
520 745 558 803 nt
591 742 701 826 hymn.
726 745 757 807 5.
784 744 932 810 Cathem.
959 750 1017 831 qui
1042 759 1095 816 est
1123 771 1240 816 mono·

142 838 245 903 colos.
288 836 420 904 Versus
431 860 548 932 omnes
563 850 641 907 snnt
654 843 894 924 choriambici,
906 846 1124 934 Asclepiadei
1140 858 1240 918 tetra·

140 942 236 1005 metri
250 941 431 1006 acatalecti
443 964 452 1007 t
466 948 503 1007 nt
518 963 632 1027 supra.

183 1042 300 1120 Quinti
314 1045 460 1125 generis:
484 1045 594 1128 hymn.
619 1047 651 1109 l.
674 1051 709 1110 et
734 1048 830 1131 praef.
854 1051 885 1113 l.
908 1050 1057 1119 Gatham.
1079 1054 1189 1140 hymn.
1206 1061 1239 1121 ὁ.

141 1144 239 1210 Praef.
254 1146 311 1209 lib.
326 1146 357 1208 l.
373 1153 489 1210 contm
503 1146 633 1230 Symm.

181 1319 322 1384 Sextum
337 1339 460 1404 genus:
482 1328 520 1385 nt
534 1321 648 1405 hymn.
662 1322 695 1386 6.
711 1321 865 1388 Cathem.
881 1327 939 1409 qni
960 1335 1014 1391 est
1027 1330 1237 1398 monocolos,

141 1419 281 1485 Iamhici
297 1421 426 1487 dimetri
446 1424 601 1488 catalecti
622 1431 701 1489 sunt
722 1445 861 1507 varsns3
885 1429 942 1511 qui
958 1436 1115 1495 constant
1129 1434 1236 1498 tribus

139 1522 258 1586 iambis
288 1532 323 1590 et
351 1525 502 1608 syllaba:
531 1533 665 1610 recepto
692 1532 804 1592 tamen
832 1529 867 1593 in
896 1531 1004 1614 prima
1033 1531 1112 1596 sede
1136 1535 1237 1598 etiam

141 1623 314 1706 spondaeo.

179 1725 278 1791 Sexti
294 1727 443 1810 generis:
465 1728 576 1812 hymn.
591 1728 624 1792 6.
647 1728 797 1796 (lathem.

177 1911 367 1994 Septimum
389 1928 511 1993 genus:
533 1915 571 1974 nt
596 1909 692 1993 praes.
716 1911 899 1994 Psychorn.
934 1931 1010 1995 qnae
1039 1921 1093 1978 est
1117 1935 1235 1981 mono-

138 2012 241 2078 colos.
287 2013 374 2078 Sunt
388 2012 475 2077 enim
491 2031 606 2077 omnes
627 2032 746 2078 versus
767 2014 903 2078 iambici
927 2013 1160 2097 Hipponactei
1180 2020 1236 2083 tri·

138 2115 228 2179 metri
252 2114 446 2180 acatalecti:
470 2120 605 2199 recepto
628 2122 740 2181 tamen
762 2116 797 2179 in
816 2115 903 2180 locis
930 2116 1115 2200 imparibus
1134 2120 1234 2183 etiam

139 2219 308 2302 spondaeo.

177 2320 325 2405 Septimi
353 2320 497 2402 generis:
521 2321 634 2403 hymni
663 2320 695 2383 2.
725 2319 949 2384 Praesationcs
978 2319 1010 2382 2.
1047 2318 1234 2385 Cathemer.

137 2423 243 2508 hymn.
267 2423 301 2488 7.
334 2422 525 2507 Peristepb.
539 2423 648 2505 hymn.
666 2423 717 2485 10.
749 2420 850 2487 Praef.
868 2420 1097 2502 Hnmnrtigcn.
1132 2421 1233 2487 Praef.

137 2525 379 2610 Psychomach.

170 2701 344 2767 Octavum
364 2719 484 2783 genos:
510 2705 548 2764 nt
570 2700 681 2784 hymn.
704 2701 735 2765 8.
769 2698 921 2765 (lathem.
948 2698 1007 2781 qui
1029 2701 1081 2761 est
1102 2698 1233 2764 dicolos

136 2802 384 2887 tetrastrophos.
429 2802 534 2867 Primi
565 2803 690 2886 quique
719 2810 787 2865 tres
816 2819 933 2865 versus
963 2804 1042 2863 sunt
1069 2799 1233 2866 hendeca-

137 2905 270 2988 syllabi,
294 2902 471 2986 Sapphici,
498 2904 708 2986 pentametri,
731 2901 930 2967 acatalecti:
955 2900 1014 2984 qui
1033 2908 1232 2967 constante

136 3007 294 3083 trochaeo,
311 3004 486 3089 spondaeo,
511 3004 657 3088 dactylo,
673 3011 705 3069 et
725 3005 855 3069 duobus
871 3003 1036 3069 trochaeis.
1081 3001 1232 3079 Quartus

136 3113 243 3173 anum
266 3109 409 3192 quisque
433 3115 485 3173 est
507 3104 665 3171 Adonins
688 3106 825 3172 dimeter
847 3105 1076 3184 catalecticus,
1093 3123 1139 3169 ex
1153 3106 1230 3169 dac-

136 3209 205 3292 tylo
219 3215 254 3274 et
268 3209 438 3292 spondaeo.

176 3310 299 3376 Octavi
315 3311 463 3393 generis:
484 3309 595 3392 hymn.
610 3311 643 3376 2.
683 3309 870 3374 Cathemer.
896 3308 1004 3390 hymn.
1030 3304 1064 3370 8.
1110 3303 1230 3369 Perist.

134 3412 242 3498 hymn.
254 3415 287 3477 4.

176 3571 313 3636 Nonum
328 3590 453 3654 genus:
476 3576 513 3634 nt
526 3571 639 3654 hymn.
654 3572 686 3637 9.
712 3571 861 3636 (lathem.
884 3569 941 3654 qui
956 3573 1008 3633 est
1025 3565 1229 3645 monocolos,

134 3674 340 3759 tristrophos.
395 3672 527 3738 Versus
556 3679 632 3737 sunt
659 3673 833 3750 trochaici,
864 3669 1027 3736 octonarii
1056 3665 1228 3731 catalecti:

134 3777 191 3859 qni
213 3782 367 3841 constant
390 3786 517 3859 septem
539 3773 697 3840 trochaeis
712 3779 747 3836 ot
761 3773 904 3856 syllaba,
918 3773 1055 3852 recepto
1071 3769 1230 3832 tamenin

133 3877 219 3942 locis
234 3878 372 3961 paribus
387 3877 485 3942 etiam
499 3876 671 3961 spondaeo.

175 3976 270 4042 Noni
297 3979 455 4062 generis:
491 3978 600 4062 hymn.
630 3976 662 4040 2.
693 3972 877 4038 Cathemer.
906 3972 1013 4058 hymn.
1043 3971 1076 4038 9.
1107 3970 1229 4035 Perist.

133 4078 243 4164 hymn.
258 4082 290 4143 l.
