2752 4674
136 279 182 347 80
585 295 790 346 ranarum.

136 440 262 506 Verum
275 439 306 505 si
320 456 389 504 non
399 457 482 503 unns
498 442 625 505 tantum
641 446 700 505 aut
714 440 801 504 alter
817 438 934 504 Po'dtaa
943 438 1051 518 locus,
1066 439 1125 504 sed
1134 442 1236 507 ceteri

137 561 286 626 qaoque,
300 542 336 604 in
351 541 474 625 quibus
488 540 529 605 de
541 540 663 606 Anima
677 542 837 625 loquitur,
849 542 1089 625 expendantur,
1099 541 1237 609 aviden-

137 649 186 708 ter
201 644 286 708 satis
306 643 447 726 patebit,
463 643 504 707 de
518 642 651 710 Animae
667 644 901 727 spiritualitate
916 642 997 707 nibil
1010 662 1087 707 eum
1101 663 1124 708 a
1137 642 1236 708 nobis

137 743 305 809 diversum
322 744 458 808 omnino
471 745 631 808 sensisse.
674 744 896 809 consulantur
917 745 1077 827 postremi
1092 744 1236 827 quinde-

136 846 202 909 cim
215 845 636 929 Psychomacbiaeversns,
645 846 831 909 maximnm
841 846 876 910 in
886 846 929 908 iis
944 846 1087 910 enimam
1102 847 1190 910 inter
1200 855 1239 911 et

136 965 260 1030 corpus
274 946 452 1012 discrimen
467 945 613 1010 Politem
627 949 806 1027 agnovisse
821 948 935 1030 palam
950 945 1016 1010 fiet
1054 947 1236 1030 Duplicem

138 1048 376 1125 substantiam,
406 1048 549 1112 animam
575 1049 708 1112 scilicet
735 1058 770 1112 et
792 1067 930 1132 corpus,
960 1067 1074 1112 secum
1089 1048 1237 1113 invicem

137 1167 284 1231 pugnare
299 1149 361 1212 ait:
385 1148 479 1212 illam
493 1148 651 1233 fcoeleste
666 1149 846 1231 ingenium,
864 1150 986 1226 lucem,
1000 1151 1166 1232 spiritum,
1181 1169 1236 1214 se·

136 1266 215 1311 reno
230 1249 356 1314 editum
372 1249 509 1327 afflatu,'
521 1256 631 1327 vocat,
646 1250 710 1313 boc
724 1258 838 1313 autem
854 1255 993 1314 ‘tetrum
1015 1251 1236 1330 stomachum,

137 1352 303 1429 tenebras,
330 1351 464 1416 viscera
490 1351 573 1415 limo
599 1351 768 1432 effigiata!
811 1350 902 1430 Quid
926 1371 1046 1434 quaeso
1073 1370 1161 1436 opus
1186 1353 1237 1418 illi

132 1451 254 1517 fuisset
266 1452 433 1536 duplicem
447 1454 483 1516 in
494 1453 592 1517 nobis
607 1452 807 1534 distinguere
828 1453 1060 1532 substantiam,
1077 1461 1136 1518 ant
1150 1473 1237 1538 quo·

137 1553 239 1616 modo
254 1555 419 1636 potuisset
431 1561 607 1637 utramque
621 1561 689 1618 tam
713 1554 856 1619 diversis
879 1555 1167 1638 appellationibus
1187 1558 1234 1620 si·

136 1654 235 1737 bique
250 1656 425 1719 contrariis
439 1655 628 1739 designare,
645 1658 675 1721 si
690 1656 842 1741 ejusdem
862 1675 939 1720 cum
955 1675 1094 1740 corpore
1107 1662 1235 1722 naturae

137 1757 281 1819 animam
296 1757 494 1822 habuissetl
518 1754 1076 1843 PraetereainSymmach.‘n.180.
1098 1763 1134 1822 et
1153 1778 1236 1843 seq,

136 1857 195 1919 ubi
210 1864 301 1920 totus
315 1863 368 1921 est
382 1859 417 1921 in
439 1859 621 1922 asserenda
642 1861 766 1923 animae
780 1859 1047 1937 immortalitate,
1063 1859 1232 1943 ejusdem-

26 1966 29 1978 ·
136 1976 203 2040 qne
218 1956 261 2019 ad
276 1960 416 2041 praemia
431 1958 483 2021 vel
498 1959 665 2041 supplicia
683 1961 920 2037 reservatione,
940 1966 978 2025 nt
992 1961 1141 2045 explicet
1154 1982 1236 2046 qua·

135 2077 212 2121 uam
226 2059 357 2122 ratione
372 2059 483 2141 possit
500 2059 592 2123 Dens
617 2060 786 2143 supplicio
811 2060 898 2143 ignis
923 2063 1053 2126 animae
1077 2062 1232 2147 affligere,

137 2158 185 2223 ita
200 2158 309 2223 Deum
324 2161 516 2244 loquentem
530 2159 680 2225 inducit:

179 2309 255 2374 Nec
268 2310 351 2374 mihi
365 2310 499 2377 difficile
515 2319 568 2377 est
580 2311 742 2394 liquidam
758 2311 965 2377 circumdare
980 2312 1124 2377 flammis

178 2412 354 2491 Naturam,
371 2415 523 2498 quamvis
537 2413 725 2496 perflabilis
737 2413 797 2477 illa
811 2414 939 2478 seratur

180 2513 278 2578 More
291 2515 376 2591 noti,
393 2515 527 2597 capiam
542 2520 652 2580 tamen
667 2521 701 2579 et
714 2520 878 2580 tormenta
891 2514 1059 2580 adhibebo

178 2615 261 2698 Ipse
276 2617 500 2698 incorporeus,
510 2635 550 2681 ac
565 2615 741 2700 spirituum
753 2622 846 2682 sator
860 2638 959 2681 uuus.

137 2764 258 2830 Omnia
272 2767 307 2831 in
321 2767 375 2830 bis
388 2768 544 2832 uersibus
560 2774 637 2831 sunt
656 2767 884 2831 observanda:
907 2786 949 2831 ac
963 2766 1104 2850 primum
1116 2765 1146 2830 si
1161 2770 1233 2833 ani-

134 2888 224 2931 mam
238 2867 469 2949 incorpoream
485 2868 760 2952 spiritualemque
785 2887 855 2932 non
877 2868 1064 2947 habuisset,
1079 2888 1147 2932 non
1162 2876 1235 2934 erat

135 2989 196 3034 cur
209 2969 275 3033 sibi
291 2969 461 3052 objiceret,
479 2969 650 3053 quomodo
675 2971 784 3054 possit
799 2969 895 3034 Deus
910 2970 979 3051 igni
994 2971 1124 3034 animas
1139 2970 1234 3035 addi·

135 3089 230 3149 cere3
252 3071 281 3134 si
296 3072 384 3134 enim
399 3071 462 3136 bac
478 3073 511 3135 iu
526 3091 560 3134 re
576 3069 754 3135 difficultas
769 3069 886 3153 aliqua
897 3071 990 3147 inest,
1000 3089 1042 3134 ea
1053 3090 1155 3153 porro
1169 3050 1233 3149 est,

63 3156 68 3165 ’
137 3172 226 3255 qaod
241 3192 307 3236 non
327 3173 427 3238 facile
446 3173 654 3255 intelligatur,
669 3170 838 3254 quomodo
853 3171 962 3254 possit
975 3171 1011 3234 in
1024 3172 1231 3237 substantias

133 3294 223 3340 mere
239 3275 436 3358 spirituales
444 3276 529 3358 ignis
539 3276 606 3339 vim
622 3294 720 3338 suam
735 3293 879 3337 exerere·
924 3272 978 3337 Ac
989 3279 1081 3337 recte
1095 3291 1175 3337 sane
1188 3273 1232 3338 ad

135 3379 410 3461 omnipotentiam
427 3378 492 3441 Dei
507 3397 544 3441 se
559 3377 661 3440 resert
677 3374 808 3455 Po'eta3
831 3373 892 3437 sed
916 3374 1008 3459 quod
1018 3393 1098 3438 eum
1123 3375 1232 3439 incor-

133 3497 286 3562 poreum,
303 3499 344 3544 ac
359 3480 532 3561 spirituum
547 3485 691 3542 satorem
712 3476 775 3541 hoc
796 3476 876 3541 loco
898 3475 1063 3560 appellat,
1085 3478 1167 3541 mire
1189 3476 1232 3540 ad

133 3598 205 3646 rem
234 3586 381 3644 nostram
405 3579 508 3659 iacit3
538 3577 627 3642 idem
647 3568 738 3640 'enim
763 3583 815 3641 est
834 3597 876 3642 ac
902 3578 932 3640 si
956 3575 1101 3640 diceret:
1131 3576 1232 3641 facile

108 3684 267 3746 'omnino
297 3688 349 3747 est
378 3681 584 3746 substantias
612 3680 825 3763 incorporeas
850 3699 892 3747 ac
914 3677 1118 3760 spirituales,
1146 3697 1230 3760 qua·

134 3781 184 3844 les
213 3784 332 3848 animae
362 3790 450 3861 sunt,
480 3783 556 3866 igne
590 3782 785 3849 cruciandas
815 3782 858 3844 ab
895 3798 948 3857 eo,
983 3779 1042 3861 qni
1075 3779 1229 3863 incorpo-

135 3899 223 3958 reus,
239 3901 278 3945 ac
295 3885 471 3967 spirituum
495 3884 647 3950 conditor
671 3888 732 3946 est.
777 3881 906 3946 Omitto
931 3880 1083 3944 Cathem.
1104 3879 1232 3962 Hymn.

137 3997 196 4045 ιιι.
219 3986 346 4069 stroph.
367 3986 422 4050 38,
445 3988 478 4050 in
502 4007 569 4070 qua
592 4004 754 4064 sermone,
774 3984 910 4049 Sanctis
926 3981 1091 4050 Ecclesia
1121 3980 1233 4047 Patri·
