2752 4674
203 271 247 341 ds
652 280 861 332 nantario.

203 429 265 506 lat,
279 427 427 508 benigna
452 422 643 489 adhibenda
667 425 915 509 interpretatio:
945 423 1029 490 illud
1050 425 1233 499 identidem
1255 446 1306 492 re·

204 529 404 611 cogitantes,
420 526 561 592 Poetae
577 546 654 591 enm
668 528 787 605 fnisse,
803 546 857 605 oo,
878 534 917 591 nt
928 528 1049 592 ceteris
1066 527 1210 611 poetice
1222 530 1305 593 artis

204 631 389 697 cultoribus
399 649 473 696 rnos
487 638 552 706 est,
563 648 630 692 non
645 634 777 694 tantum
792 629 827 691 in
842 629 965 706 verbis,
980 629 1040 693 scd
1055 630 1090 693 in
1105 627 1207 695 rebus
1221 649 1305 714 qno-

204 748 270 816 que
289 732 461 797 licentiam
474 731 540 795 sibi
564 730 731 794 interdum
748 730 924 794 sumsisse.
969 730 1033 795 Cui
1050 748 1132 795 sane
1146 731 1305 810 licentite,

202 834 284 900 nibil
297 839 335 898 ni
349 833 612 910 dissimulemus,
638 831 799 895 nonnulla
823 834 968 914 receptis
994 833 1027 895 in
1052 831 1210 897 Ecclesia
1229 850 1306 897 sen·

203 937 315 1001 tentiis
338 956 404 1000 non
428 936 562 1000 omnino
586 934 769 997 conformia
793 934 995 998 ascribenda
1014 953 1093 997 esse
1126 939 1305 1016 pniamns3

204 1044 242 1102 nt
256 1056 334 1102 cnm
361 1059 392 1103 e.
408 1057 440 1120 g.
470 1036 662 1101 Cathemer.
688 1033 817 1116 Hymn.
843 1051 911 1098 vn.
932 1034 1077 1099 loannis
1101 1035 1305 1118 baptismum

204 1138 329 1204 Christi
351 1139 523 1222 baptismo
546 1137 679 1220 equale
706 1136 798 1214 facit,
827 1145 863 1200 et
888 1155 963 1199 cum
996 1135 1135 1218 Angelis
1162 1154 1305 1220 corpora

204 1241 322 1305 tribuit
336 1239 447 1304 aiiria:
467 1240 611 1305 fatemur
629 1258 778 1322 quoque,
793 1238 829 1302 in
842 1257 945 1302 unum
967 1237 1126 1301 historias
1140 1237 1239 1320 longe
1252 1237 1305 1302 di·

203 1361 320 1408 versas
344 1343 388 1406 ab
402 1362 444 1406 eo
459 1342 623 1406 interdum
638 1339 811 1415 confundi,
826 1358 891 1402 nec
907 1337 1138 1402 omnimodam
1152 1338 1304 1422 physicis

203 1445 239 1507 in
252 1446 352 1509 rebus
371 1444 525 1527 peritiam
540 1461 671 1525 semper
686 1441 875 1518 ostendere,
888 1447 990 1524 prout
1012 1442 1085 1504 snis
1099 1439 1187 1505 locis
1201 1459 1304 1504 anno·

203 1552 310 1613 tatum
326 1566 348 1610 a
362 1547 462 1609 nobis
482 1553 544 1610 est.
590 1543 670 1608 Hoc
694 1545 824 1607 interim
852 1543 1017 1622 dieimns;
1050 1542 1207 1605 universa
1229 1541 1304 1608 haec

203 1666 424 1733 quaecumqne
453 1646 513 1709 illa
536 1646 616 1723 sint,
640 1651 709 1709 tam
739 1645 854 1728 exigui
883 1644 1040 1710 momenti
1068 1643 1145 1707 visa
1171 1662 1306 1726 semper

202 1752 320 1826 fuisse,
339 1749 425 1812 utin
448 1746 660 1810 Bibliotheca
681 1747 818 1811 Patrnm
835 1745 1016 1810 Prudentio
1031 1744 1130 1809 locus
1146 1744 1305 1809 attribue·

203 1859 305 1924 retur,
319 1849 457 1932 ejusque
472 1847 620 1911 carmine
634 1846 736 1929 digne
749 1847 875 1924 habita,
889 1867 966 1930 qnae
981 1847 1016 1910 in
1028 1845 1228 1929 quotidiana
1244 1845 1305 1909 Di·

204 1953 272 2014 vini
288 1948 402 2013 Officii
416 1947 617 2011 recitatione
642 1946 846 2027 legerentur3
879 1967 939 2011 nec
963 1947 1123 2010 Erasmus
1143 1953 1304 2012 emunciae

205 2053 307 2127 naris,
323 2047 613 2129 severissimisque
630 2047 763 2111 critices
786 2048 849 2123 vir,
865 2067 1034 2131 quemque
1055 2050 1089 2112 in
1115 2046 1305 2112 Ecclesias-

206 2152 282 2215 ticis
296 2148 526 2232 scriptoribus
540 2146 719 2211 laudandis
734 2147 849 2211 nimiae
865 2148 1080 2232 indulgentiae
1095 2147 1209 2211 nullus
1224 2148 1305 2211 insi·

205 2252 357 2328 mulabit,
373 2249 586 2333 pronuntiare
602 2248 807 2313 dubitaverit
819 2256 848 2287 ²⁰
862 2250 949 2313 inter
959 2249 1173 2333 gravissimos
1189 2248 1306 2313 Eccle-

205 2353 267 2417 siae
284 2353 456 2417 Doctores
470 2350 689 2417 Prudentium
701 2352 867 2416 recenseri
877 2350 1019 2431 debere3
1042 2370 1196 2433 eumque,
1213 2351 1304 2434 qnod

204 2474 265 2537 ego
279 2453 419 2517 maximi
438 2451 543 2529 facio,
568 2459 730 2535 tanquam
754 2453 918 2535 optimum
943 2452 1077 2518 Sacrar.
1104 2452 1304 2535 Scripturar.

205 2557 411 2637 interpretem
427 2561 605 2617 veneratus
620 2559 671 2618 est
696 2554 885 2618 doctissim.
910 2555 1038 2633 Estius,
1054 2575 1095 2620 ac
1115 2554 1187 2637 ejus
1212 2575 1305 2619 men·

205 2665 283 2731 tem,
296 2655 482 2737 frequenter
493 2660 677 2719 ceterorum
692 2656 840 2719 omnium
856 2656 999 2720 Petrum
1014 2663 1081 2720 tam
1096 2654 1304 2736 Graecnrnm,

206 2775 306 2840 qnam
322 2755 518 2819 Latinorum
533 2759 647 2821 sensui
661 2758 796 2840 praefert
810 2759 845 2821 in
861 2760 995 2841 egregio
1010 2779 1072 2824 suo
1085 2756 1305 2841 Apostolica·

206 2877 277 2922 rum
294 2857 519 2941 Epistularum
535 2857 782 2923 Commentario
805 2860 959 2943 pluribus
974 2852 1073 2937 locis,
1088 2860 1146 2925 sed
1163 2880 1304 2945 praeser-

206 2965 266 3028 tim
283 2958 327 3023 ed
343 2956 467 3042 pres.
483 2978 514 3024 c.
530 2976 583 3023 vr.
597 2967 630 3025 et
645 2960 689 3025 ad
705 2959 815 3027 Hebr.
832 2981 861 3025 c.
879 2978 947 3028 vrr.

636 3190 798 3257 CAPUT
820 3192 886 3256 IV.

494 3339 546 3405 De
563 3338 640 3405 Mss.
657 3341 828 3406 Prudentia·
846 3340 1021 3408 corticibus.

207 3505 330 3571 lusan
347 3506 523 3572 Prudentii
549 3508 718 3587 Editores,
742 3511 787 3575 ob
813 3512 1011 3594 singularem
1042 3511 1077 3575 in
1098 3507 1304 3574 restituenda

205 3607 348 3673 lectione
363 3608 571 3691 diligentiam
587 3609 630 3673 ad
653 3609 961 3697 Manuscriptornm
983 3612 1093 3688 fidem,
1116 3630 1188 3694 pree
1212 3617 1304 3674 cete-

205 3709 250 3772 ris
264 3709 438 3775 landantur
451 3709 619 3775 Weitzins
641 3712 755 3791 «inan.⁹
769 3720 802 3778 et
817 3713 985 3779 Nicolnns
1010 3712 1186 3777 Heinsius.
1232 3709 1304 3789 Qui

205 3809 291 3872 enirn
307 3819 390 3891 post
403 3812 499 3894 ipsos
514 3812 686 3878 Prudentii
703 3814 869 3881 editiones
890 3821 1043 3880 curarunt
1057 3816 1098 3879 Ρ.
1112 3797 1305 3898 Stephanus

206 3906 464 3990 Cbamillardns,
479 3923 514 3978 et
529 3915 720 4001 christoph.
743 3915 917 3994 Cellarius,
939 3918 1037 3982 nullis
1052 3937 1089 3982 se
1104 3936 1187 3981 usos
1202 3911 1305 3979 Codi-

405 4149 409 4156 .
465 4096 497 4140 ht
514 4092 660 4147 comment.
671 4096 699 4146 in
707 4095 804 4160 Hymn.
814 4096 848 4147 de
857 4098 920 4149 tint.
930 4096 1043 4147 Domini.
