2752 4674
587 329 792 379 PRAEFA'l'IO.
1200 321 1243 384 19

139 467 237 532 Joan.
252 466 385 533 clerico
399 467 489 533 Bibl.
503 467 606 534 Univ.
618 479 700 534 tom.
713 487 797 550 xta,
808 472 951 557 aliisque
962 478 1132 543 excultum
1142 477 1240 543 nimis

140 578 240 652 atque
261 570 401 653 elegans
416 579 480 635 est.
529 571 596 635 liic
624 579 713 636 certe
737 576 929 657 opinionum
946 579 1118 644 conflictus
1138 581 1237 645 nobis

139 672 316 736 admodum
330 672 433 750 favet,
449 674 509 757 qui
523 693 583 757 pro
597 677 741 756 genuino
758 676 933 742 Prudentii
947 679 1033 745 foetu
1043 682 1235 765 hujusmodi

141 791 226 858 opus
241 777 467 857 agnoscimus.
513 776 556 841 Et
571 796 651 841 sana
668 778 822 856 eandem,
847 800 950 862 qnam
971 782 1040 848 alia
1052 803 1165 867 opera,
1182 784 1241 848 bu-

132 877 310 968 militatem
326 877 447 959 spirat,
462 877 580 941 eodem
605 878 707 961 styla·
728 880 849 943 iisdem
864 881 1056 964 phrasibus,
1069 884 1240 970 allegoriis

140 978 315 1041 sententiis
328 985 505 1043 exaratum
530 999 607 1043 esse
633 980 853 1066 eruditissimi
877 985 962 1048 viri⁷
986 986 1113 1068 pridem
1127 1007 1242 1051 sense·

139 1090 223 1160 runt,
239 1099 280 1144 ac
295 1081 385 1144 facili
402 1087 519 1164 posset
531 1082 664 1163 negotio
680 1082 910 1149 demonstrari.
944 1085 993 1151 At
1006 1089 1140 1151 enimin
1156 1088 1241 1153 Mss.

139 1181 391 1263 Argentoraten.
427 1179 595 1248 Amoeuo⁸
611 1185 789 1264 tribuitur;
813 1194 915 1270 atque
932 1190 1241 1256 etiaminBibliotb.

139 1281 290 1360 Petrum,
317 1303 385 1347 nuo
410 1284 445 1347 in
471 1283 568 1364 loco;
598 1305 675 1349 num
701 1288 781 1365 alio,
799 1288 1015 1353 Prudentium
1031 1311 1101 1374 pree
1117 1292 1240 1358 sesert.

139 1383 202 1447 Sed
217 1402 322 1467 qnam
347 1403 479 1467 parum,
495 1388 559 1451 etsi
586 1388 760 1472 hucnsqno
788 1398 951 1454 annotata
976 1391 1147 1469 deessent,
1170 1393 1240 1457 Ms.

139 1503 234 1561 unns,
249 1487 372 1549 ceteris
386 1488 553 1566 omnibns,
568 1491 597 1553 si
612 1509 681 1554 non
696 1489 844 1574 majoris,
859 1491 1009 1575 ejusdem
1025 1499 1113 1557 certe
1124 1500 1241 1558 aucto·

138 1587 252 1662 utatis,
268 1585 530 1668 refragantibus,
547 1591 772 1656 attendendus
789 1592 843 1667 sit,
858 1594 948 1676 aequi
969 1613 1081 1656 rerum
1094 1595 1240 1658 aestima·

138 1695 221 1754 tores
234 1687 435 1773 dijudicent.

562 1909 724 1975 CAPUT
746 1909 817 1976 ΙΙΙ.

319 2072 372 2138 De
386 2074 450 2159 ej'us
464 2071 600 2158 Operum
613 2073 747 2160 Elegiir,
765 2073 912 2155 Dotibus,
931 2075 1044 2143 Nauis.

139 2238 351 2303 insusurra
377 2234 478 2320 plane
509 2245 586 2298 sunt
618 2234 859 2335 cujuscumque
894 2237 1007 2300 aetatis
1030 2236 1238 2320 Scriptorum

139 2339 412 2424 splendidissima
437 2336 479 2400 do
503 2336 687 2401 Prudentio
725 2336 868 2419 ejusque
901 2336 1070 2419 Operibus
1095 2337 1238 2419 judicia,

138 2461 277 2525 quornm
295 2440 351 2505 hic
366 2439 495 2522 potiora
516 2439 634 2501 saltem
657 2438 819 2500 lectorum
841 2437 949 2500 oculis
963 2435 1187 2519 subjicienda,
1201 2449 1239 2502 ut

139 2547 262 2626 quanto
277 2542 312 2606 in
325 2541 450 2604 honora
465 2538 673 2603 Christianus
695 2535 804 2603 Vates
818 2536 991 2601 habendus
1007 2539 1051 2603 sit
1076 2537 1237 2622 intelliga-

138 2656 199 2723 tur,
215 2653 252 2710 et
266 2661 369 2727 quum
383 2642 499 2725 inique
510 2639 681 2724 juniorum
691 2639 796 2722 aliqui
808 2658 884 2702 enm
895 2640 976 2702 inter
984 2640 1094 2703 bonos
1110 2637 1238 2705 Podtas

139 2741 423 2814 annumerandum
451 2742 587 2805 minime
617 2758 692 2802 esse
720 2740 1016 2822 pronuntiaverint.
1076 2738 1238 2806 Sidonios

137 2848 369 2934 Apollinaris,¹
386 2845 466 2908 artis
481 2841 631 2906 Poeticae
647 2842 757 2905 cultor
772 2842 855 2904 satis
871 2841 1010 2923 peritus,
1022 2839 1237 2906 Prudentinm

140 2951 286 3021 Horatio
300 2965 496 3030 comparare
511 2963 726 3028 nequaquam
746 2943 868 3007 veritus
884 2948 947 3006 est.
991 2940 1146 3005 Eundem
1161 2962 1236 3009 ven.

167 3173 184 3218 'i
207 3168 341 3219 Giseliuus
364 3168 510 3218 comment.
529 3165 555 3214 in
574 3163 667 3224 Prud„
708 3166 755 3211 unt
770 3160 948 3225 exscriptorer
968 3166 1083 3209 veterum
1096 3158 1236 3211 Arctorum

138 3243 258 3294 labbeus
279 3245 320 3293 De
339 3243 435 3306 Script.
454 3242 527 3290 Eccl.
545 3248 565 3290 t.
589 3253 621 3289 rr.
639 3255 666 3303 p.
707 3236 795 3299 fuerit,
808 3236 911 3301 generis
922 3250 1009 3286 earum
1021 3243 1066 3284 aut
1076 3234 1139 3298 styli
1148 3239 1238 3283 notan·

136 3322 203 3380 m,
223 3319 371 3369 Tillamont.
401 3316 471 3366 liirt.
492 3316 566 3364 Eool.
592 3321 612 3363 t.
637 3326 666 3363 x.
707 3313 1039 3375 dignatqagoomtneseu
1055 3310 1237 3361 attributione·

137 3409 165 3459 p.
184 3399 254 3457 tto„
270 3394 352 3445 Goill.
378 3393 479 3444 Caram
501 3393 545 3442 lle
572 3391 667 3456 script.
707 3390 818 3452 vulgatis
829 3387 972 3438 nominibus
985 3387 1136 3450 appingere,
1144 3385 1237 3451 quibus

136 3470 211 3521 Eccl-
707 3467 786 3516 semel
796 3478 894 3529 papyro
904 3462 1056 3523 commistis,
1064 3459 1238 3525 proclivesait

168 3549 185 3593 8
202 3544 237 3595 G.
249 3544 370 3595 Bartbius
390 3531 613 3592 advenarum.
629 3545 668 3591 ll.
709 3547 825 3605 posteros
845 3540 885 3588 uti
907 3539 974 3588 reris
996 3536 1143 3586 nominibus
1161 3547 1237 3586 rores

95 3599 111 3623 ⁸
136 3619 218 3670 libelii
240 3621 317 3684 hujus
338 3634 397 3669 cum
417 3619 510 3668 ceteris
528 3617 667 3667 Prudentii
707 3616 910 3668 accommodare.
951 3614 995 3663 lta
1019 3612 1130 3663 Ovidius
1157 3611 1237 3671 Geta,

138 3693 269 3758 Operibus
294 3696 435 3746 collatione
463 3694 592 3753 institute,
614 3706 667 3740 uon
706 3694 836 3745 Martialis
855 3693 950 3754 Coena
965 3687 1103 3738 Petronius
1121 3685 1237 3750 Arbiter,

137 3773 217 3820 solnm
229 3786 287 3820 enm
307 3786 354 3836 pro
373 3771 484 3835 genuino
496 3769 587 3820 Potite
600 3767 666 3816 foetu
706 3771 744 3821 uti
765 3768 924 3821 Prudentius
946 3765 1078 3823 Amoenus,
1100 3763 1161 3827 quia
1183 3776 1236 3812 onr-

135 3844 282 3896 babendum
291 3845 666 3907 essedemoustrst,sedatiam
706 3846 776 3894 nium
789 3843 991 3895 christianornm
1006 3838 1146 3889 Po'e'trrum
1158 3852 1236 3886 arnoe·

135 3923 273 3988 rationem,
288 3922 449 3986 probabilem
467 3923 539 3981 satis,
557 3920 666 3971 reddere
705 3922 788 3970 nitate
806 3927 834 3968 et
848 3917 975 3966 varietate
991 3916 1128 3980 lyricorum
1145 3912 1237 3962 carmi·

136 4008 243 4049 conatus
253 4007 306 4061 est,
315 3999 349 4049 ob
361 4014 438 4064 qaam
454 3999 480 4047 in
492 3998 557 4047 Mas.
569 3997 668 4061 aliquot
707 4011 766 4046 nuru
778 3997 855 4059 longe
867 3994 902 4043 sit
913 3994 1043 4057 princeps.

136 4075 238 4127 Amani
249 4089 344 4125 nomen
360 4089 415 4139 prro
436 4089 466 4123 se
484 4072 568 4134 [παις
587 4086 667 4136 eaque
739 4076 753 4122 l
772 4072 830 4122 Lib.
840 4084 872 4121 rr.
883 4083 924 4134 ap.
936 4073 960 4121 9.
972 4065 1162 4119 adDouidinnr.

136 4160 185 4218 est,
196 4153 266 4219 qnod
277 4153 402 4202 usitatum
413 4152 482 4200 inter
494 4149 668 4200 recensitum
