2752 4674
596 302 803 355 Paeonum.
1206 297 1252 364 29

149 445 279 525 damus,
288 451 324 513 et
332 446 389 530 pia
399 445 562 525 vivamus,
572 468 637 512 non
645 451 804 529 volentis,
813 472 920 535 neque
928 454 1105 532 currentis,
1116 455 1175 520 sed
1187 458 1250 521 mi·

149 552 292 614 serentis
307 558 362 614 est
373 549 439 614 Dei
453 570 461 615 ε
477 569 545 615 non
560 551 641 633 quia
653 552 812 617 vellenon
824 553 980 620 dehemus
994 565 1029 622 et
1038 576 1179 635 currere,
1189 558 1249 623 sed

148 653 229 735 quia
242 654 319 736 ipse
332 651 368 733 in
383 652 481 716 nobis
491 659 526 715 et
541 651 626 716 velle
639 659 795 735 operatur
804 662 839 718 et
848 657 1000 720 currere!
1023 656 1103 737 Qua
1112 678 1157 722 ex
1168 678 1248 724 con·

147 754 365 832 sideratione,
376 753 480 837 juxta
493 754 658 836 Apostoli
685 753 881 832 doctrinam,
901 756 1049 842 Philipp.
1060 776 1100 822 11.
1115 760 1170 825 12.
1195 762 1248 827 13.

147 857 244 920 timor
254 862 290 920 et
298 863 421 920 tremor
428 856 590 939 exsurgit,
600 876 698 940 quem
709 857 776 921 loc.
785 858 844 922 cit.
859 857 1040 924 humilitati
1051 861 1247 927 Poiitanos·

146 963 191 1021 ter
202 959 364 1041 assignat.
391 957 480 1023 Haec
492 967 576 1041 puto
593 960 677 1024 satis
692 979 769 1023 esse
784 969 925 1044 possunt
933 961 977 1025 ad
988 963 1246 1042 ostendendum,

145 1077 247 1141 quam
260 1065 351 1124 recte
364 1059 407 1124 de
430 1060 557 1125 Christi
580 1063 699 1143 gratia,
721 1082 790 1145 qua
816 1061 996 1128 Christiani
1018 1084 1146 1142 sumus,
1161 1064 1246 1129 Pru·

145 1160 278 1225 dontius
292 1163 446 1226 senserit.
490 1161 560 1225 Sed
576 1163 607 1225 si
622 1164 699 1246 quis
714 1163 825 1227 adhuc
845 1166 1024 1247 scrupulus
1040 1173 1245 1248 superesset,

143 1261 226 1327 illud
250 1267 417 1345 postremo
439 1262 678 1347 adjiciendum,
702 1264 885 1347 quodcum
910 1265 1018 1330 Polite
1041 1274 1121 1331 ante
1146 1288 1245 1333 exor-

144 1368 211 1430 tam
239 1363 501 1446 Pelagianorum
529 1367 684 1431 haeresim
707 1368 893 1451 scripserit,
920 1369 1059 1449 henigne
1086 1369 1244 1451 quaedam

143 1463 216 1545 ejus
229 1464 306 1529 loca
321 1466 522 1548 exponenda
544 1487 629 1544 esse,
656 1488 732 1551 quae
753 1470 787 1532 in
809 1469 959 1552 speciem
981 1470 1244 1552 Pelagianismo‚

143 1567 194 1630 vel
209 1565 545 1650 Semipelagianismo
571 1569 682 1634 favere
705 1571 810 1635 videri
835 1579 984 1654 possent.
1031 1572 1120 1636 Nam
1139 1572 1244 1653 juxta

142 1667 291 1750 regulam
322 1686 345 1730 a
374 1668 409 1732 S.
440 1669 631 1751 Augustino
662 1670 820 1734 traditam
864 1669 923 1733 lih.
960 1669 1013 1731 De
1044 1669 1242 1734 Praedestin.

143 1769 298 1834 Sanctor.
314 1769 397 1834 licet
412 1769 542 1848 Patres,
558 1775 615 1855 qni
638 1781 716 1837 ante
740 1771 920 1852 Pelagium
942 1771 1109 1847 vixerunt,
1126 1770 1242 1835 catho-

142 1871 205 1934 lice
221 1870 265 1934 de
277 1870 383 1951 gratia
397 1875 570 1950 senserint,
585 1880 776 1937 nontamen
792 1874 840 1937 ita
855 1879 1013 1937 accurate
1028 1872 1136 1937 locuti
1150 1880 1241 1950 sunt,

142 1990 182 2036 ac
196 1973 220 2035 ii
233 1972 294 2055 qui
309 1979 436 2055 postea,

181 2073 262 2138 Jam
278 2093 358 2139 vero
374 2093 451 2156 quae
468 2073 734 2156 dePurgatorio,
750 2093 792 2138 ac
815 2072 1017 2139 Sanctorum
1031 2074 1125 2139 cultu
1140 2083 1176 2139 et
1190 2075 1241 2139 in-

142 2177 332 2253 vocatione,
362 2175 610 2239 Centuriatores
649 2175 909 2257 Magdehurgen.
939 2176 1068 2253 Belius,
1097 2173 1239 2255 Remus,

141 2275 319 2354 Cellarins,
334 2277 459 2359 aliique
474 2296 535 2359 pro
551 2283 716 2340 sectarum
733 2295 869 2340 suarum
891 2277 1102 2359 pravissimis
1116 2278 1240 2360 praeju-

141 2377 239 2442 diciis
259 2379 293 2441 in
310 2377 491 2443 Prudentio
505 2379 653 2462 culpant,
669 2379 793 2442 morari
813 2397 876 2441 nos
890 2377 971 2441 nihil
986 2376 1168 2441 admodum
1183 2377 1240 2441 de-

140 2481 230 2557 hent,
244 2500 323 2544 cum
341 2481 506 2564 ejusmodi
521 2482 597 2560 sint,
628 2501 705 2564 quae
731 2480 932 2564 gravissimo
953 2498 993 2543 ac
1008 2478 1240 2544 irreformabili

141 2581 309 2646 Ecclesiae
328 2581 461 2665 judicio
481 2582 633 2660 definita,
658 2584 693 2646 in
721 2581 858 2647 dubium
882 2581 983 2644 nobis
1000 2598 1157 2644 revocare
1172 2600 1239 2645 non

139 2685 234 2764 licet3
258 2704 299 2748 ac
315 2704 533 2768 quaecumque
555 2685 598 2750 ad
621 2704 663 2749 ea
683 2682 900 2749 convellenda
915 2683 958 2746 ab
973 2680 1142 2745 haereticis
1159 2681 1238 2746 affe·

139 2793 269 2863 rantur,
283 2785 334 2850 ita
347 2804 369 2848 a
382 2786 571 2851 doctissim.
593 2787 674 2850 viris
699 2786 918 2862 Bellarmioo,
942 2784 1096 2860 Petavio,
1113 2783 1238 2848 Fratri·

138 2889 204 2951 hus
219 2885 504 2969 Walemhurgen„
520 2887 689 2951 Meldensi
712 2887 898 2971 Episcopo,
923 2885 1103 2950 Laurentio
1131 2885 1237 2964 Berti,

140 2990 284 3072 aliisque
298 2989 448 3073 pluribus
458 2989 625 3054 dissoluta
637 2989 704 3053 sint
713 2996 814 3072 atque
828 2989 982 3064 contrita,
997 2993 1035 3051 ut
1048 2986 1092 3049 iis
1109 2986 1237 3069 aliquid

140 3091 263 3155 addere
278 3110 563 3174 supervacaneum
575 3094 710 3158 omnino
726 3094 780 3157 sit.

182 3190 296 3256 Unum
311 3197 415 3256 restat
429 3191 702 3275 expendendum,
728 3209 858 3260 rectene
873 3193 1015 3258 senserit
1030 3190 1236 3255 Prudentius

138 3294 180 3358 de
203 3293 337 3359 Animae
359 3302 488 3371 natura,
519 3313 621 3377 quarn
649 3303 725 3361 cum
750 3294 972 3370 Elementum,
996 3312 1037 3357 ac
1052 3292 1236 3374 liquorem

138 3396 327 3480 saepissime
340 3396 500 3480 appellet,
516 3415 708 3480 corpoream
730 3395 1005 3477 materialemque
1021 3391 1236 3457 existimasse

137 3499 266 3561 censeri
280 3507 411 3582 posset,
437 3517 478 3562 ac
503 3499 615 3563 visum
635 3498 802 3563 nonnullis
826 3504 888 3562 est.
933 3494 1052 3560 Cleric.
1076 3494 1098 3558 l.
1122 3513 1153 3558 c.
1170 3493 1236 3558 Be·

135 3600 203 3663 lius
231 3607 268 3663 ut
296 3618 370 3682 sup.
430 3599 497 3664 Sed
530 3599 638 3682 primo
668 3598 786 3664 hahita
814 3600 944 3664 ratione
973 3595 1135 3680 temporis
1165 3614 1234 3677 quo

136 3700 340 3767 Prudentius
363 3702 508 3785 scripsit,
522 3720 591 3764 non
620 3699 799 3765 admodum
823 3700 1008 3767 mirandum
1030 3701 1128 3771 esset,
1152 3714 1236 3760 non·

135 3802 217 3868 nihil
240 3823 318 3868 eum
343 3823 443 3888 snper
464 3804 529 3868 hac
559 3824 593 3867 re
619 3803 797 3885 caligasse,
811 3822 889 3888 quae
913 3799 1135 3877 Tertulliano,
1160 3797 1235 3863 Me-

134 3909 263 3986 thodio,
285 3908 470 3985 Lactantio,
492 3907 677 3992 Theophilo
699 3905 815 3983 Alex„
839 3905 1019 3982 Cassiano,
1041 3903 1234 3978 Gennadi0,

135 4010 281 4095 aliisque
296 4012 435 4075 summis
445 4011 526 4076 viris
540 4015 720 4093 perspecta
735 4010 818 4076 satis
832 4017 867 4074 et
882 4009 1057 4093 explorata
1071 4027 1135 4070 non
1152 4012 1233 4069 erat.
