2752 4674
426 311 728 360 csrnuttuktuort
743 313 878 368 [utun.
903 314 943 361 11.

312 456 485 520 huctando
498 456 654 520 claudum
671 464 705 521 et
720 460 869 523 tabidum

311 556 395 620 Dies
410 558 525 621 obortu
540 558 708 621 invenerit.

351 657 502 721 Tandem
517 657 665 723 facessat
679 661 829 737 coecitas,

308 755 398 835 Quae
412 767 543 824 nosmet
555 762 589 824 in
603 781 757 844 praeoeps
772 763 829 826 diu

310 861 443 942 Lepsos
459 863 601 926 sinistris
617 864 783 944 gressibus

308 961 428 1025 Errore
443 965 544 1028 traxit
558 964 667 1027 devio.

351 1063 440 1127 Haec
455 1065 515 1127 lux
527 1083 675 1128 serenum
691 1065 849 1144 conserat,

309 1165 484 1247 Purosque
498 1185 560 1229 nos
576 1173 713 1248 praestet
726 1170 802 1247 sibi,

310 1266 405 1330 Nihil
417 1268 592 1349 loquamur
607 1269 800 1346 subdolum,

309 1367 495 1433 Volvemus
510 1372 688 1435 obscurum
705 1371 798 1436 nihil.

351 1471 409 1535 Sic
424 1478 494 1535 tota
509 1474 664 1539 decurrat
678 1474 762 1552 dies,

310 1571 365 1635 Ne
380 1572 492 1656 lingua
505 1576 660 1654 mendax,
675 1597 717 1640 ne
732 1596 864 1655 manus,

307 1670 448 1739 Oculive
461 1688 604 1758 peccent
618 1678 760 1742 lubrici:

306 1774 362 1839 Ne
376 1795 467 1840 noxa
480 1797 602 1860 corpus
615 1779 776 1861 inquinet

351 1877 548 1960 Speculator
562 1885 652 1943 astat
667 1880 821 1961 desuper,

308 1978 376 2058 Qui
391 1999 454 2042 uos
471 1980 589 2044 diebus
605 1979 775 2056 omnibus,

305 2082 483 2165 Actusque
497 2089 629 2145 nostros
644 2081 806 2164 prospicit

308 2181 340 2245 A
354 2181 431 2246 luce
448 2184 557 2264 prima
570 2183 604 2245 in
618 2202 805 2264 vesperum.

349 2285 419 2348 Hic
435 2287 544 2364 testis,
558 2286 611 2349 hic
626 2291 678 2349 est
693 2285 825 2360 arbiter,

306 2384 376 2451 Hic
393 2387 541 2451 intuetur
557 2386 716 2469 quicquid
731 2393 794 2461 est,

308 2486 466 2551 Humane
481 2488 568 2572 quod
583 2507 675 2550 mens
690 2488 859 2570 concipit3

309 2588 409 2653 Hunc
425 2609 521 2653 nemo
536 2589 623 2652 fallit
632 2589 795 2671 judicem.

137 2806 188 2864 tier,
199 2809 237 2856 esi
246 2813 303 2871 post
319 2808 469 2857 lutetiorum
476 2821 535 2871 porr
548 2807 600 2866 iilo,
611 2806 637 2853 is
649 2821 694 2868 qun
704 2805 798 2854 sedebat
815 2812 943 2870 percuties,
959 2807 1004 2856 erit
1021 2809 1103 2857 ebena
1113 2815 1137 2858 et
1147 2808 1231 2870 tivido,

136 2872 179 2920 erle
189 2874 290 2922 oriente.
322 2874 379 2920 Jsm
396 2875 489 2920 tandem
506 2873 615 2921 recedunt
632 2871 742 2931 tenebra,
760 2885 812 2932 que
827 2886 868 2920 sos
879 2886 940 2934 sepe
950 2873 1026 2934 lupum
1035 2873 1155 2933 gressibus
1165 2887 1230 2921 erro·

137 2933 216 2985 tneo
226 2942 328 2999 egerunt
342 2937 476 2999 proecipites
491 2951 535 2998 per
549 2935 601 2983 siae
616 2934 728 2996 obliquos.
763 2935 874 2984 Christus
884 2941 966 2985 nostra
976 2938 1131 2986 lnxnddecot
1142 2942 1231 2999 tempus

136 3000 223 3061 uim,
233 3007 258 3050 et
275 3017 317 3049 reor
332 3002 416 3049 reddat
424 3000 570 3062 grateriibi.
604 3000 719 3047 Dicamus
738 3001 827 3047 nobum
844 3000 940 3049 verbum
951 3002 1043 3061 sallat,
1060 3005 1136 3051 mente
1154 3004 1232 3060 agite·

136 3078 184 3112 nris
194 3066 284 3113 sellem
293 3080 391 3127 praem
400 3066 530 3113 seruitium.
568 3064 679 3112 Viventes
692 3077 735 3124 per
750 3068 826 3112 toturn
844 3065 906 3112 diem
921 3065 959 3114 ito
974 3071 1001 3113 st
1020 3079 1063 3114 sec
1078 3067 1162 3126 lingna
1177 3066 1231 3112 srib-

136 3128 195 3188 dois,
215 3144 259 3178 seo
276 3145 368 3185 eronus,
384 3144 425 3178 nec
444 3129 504 3177 oceli
522 3129 616 3177 nubiles
631 3127 740 3175 iniuntur
750 3128 777 3175 irs
788 3128 880 3186 eibum,
896 3144 937 3177 ries
951 3143 1032 3192 eorpus
1042 3132 1169 3178 maculetur
1185 3131 1231 3176 ultr

136 3193 241 3243 αιίιέιι.
275 3194 383 3256 Desuper
393 3200 428 3242 est
450 3192 518 3242 Deus
533 3193 675 3255 explorator,
692 3191 732 3254 qni
747 3192 836 3240 cencris
852 3191 933 3241 diebus
943 3193 973 3240 ab
987 3199 1041 3241 orto
1051 3195 1108 3242 solis
1119 3209 1190 3255 usque
1200 3195 1232 3240 eut

135 3271 253 3318 superma
270 3273 313 3305 eros
331 3259 507 3319 contemplator,
526 3262 548 3305 et
567 3261 648 3304 rostro
659 3255 738 3315 sada.
770 3256 822 3304 Hic
840 3263 874 3304 est
895 3257 971 3316 testis,
991 3258 1028 3304 bic
1046 3257 1176 3318 astionem,
1193 3257 1231 3304 irie

134 3320 195 3370 ridet
206 3323 232 3369 id
241 3336 318 3383 mse,
327 3323 387 3383 quod
398 3322 489 3370 arsinoes
499 3321 616 3369 lominum
626 3320 756 3381 arogast,
764 3325 787 3368 et
798 3335 864 3368 nemo
873 3326 950 3382 potest
961 3322 1008 3382 ipsi
1017 3321 1142 3382 imponere.

599 3462 780 3486 ΜΝΜ

136 3565 225 3616 lisinr.
235 3578 251 3614 e
263 3570 317 3614 vet.
329 3562 405 3612 eorld.
415 3567 443 3611 et
452 3562 477 3611 in
486 3562 527 3612 W.
539 3562 773 3626 supersensntesent
781 3562 956 3613 weita—1⁰3
967 3561 1126 3612 scutinel’nt.
1140 3562 1186 3624 Eg.
1199 3564 1230 3610 B.

136 3633 215 3680 -108
232 3629 315 3678 s-tm
327 3625 442 3693 quidem.

629 3725 736 3775 NOTAE

166 3828 213 3874 10⁵
237 3823 378 3887 Speculatus
402 3823 477 3887 aaut]
498 3822 540 3872 lte
557 3821 660 3872 David:
702 3822 807 3871 Domini
818 3819 1027 3884 contemplentur
1038 3819 1119 3870 bonos
1136 3826 1163 3870 et
1174 3837 1229 3874 me.

134 3899 225 3951 ‘Deuli
235 3898 342 3948 Domini
352 3899 523 3962 prospiciunt,
535 3906 562 3948 et
575 3897 662 3962 palpe-
702 3897 759 3947 los!

135 3975 185 4025 brt
201 3974 259 4039 ejus
277 3974 415 4038 explorent
433 3973 499 4023 filios
516 3971 664 4024 bominum!
735 3977 781 4022 lll
800 3971 990 4037 Meoseorripit]
1007 3974 1094 4026 Quint
1109 3981 1227 4025 scrutans

136 4051 177 4105 Its
197 4051 336 4101 Salomon:
355 4048 405 4100 ‘Io
427 4050 496 4100 omni
518 4051 576 4101 loco
595 4050 662 4101 oculi
702 4047 783 4101 corde
793 4057 820 4098 et
832 4048 926 4100 rener.‘
