2752 4674
150 253 173 317 2
601 269 799 320 uriacens.

150 432 223 478 mm
244 417 344 478 autea
361 431 468 495 reges,
489 416 525 477 at
540 412 633 477 irrito
655 416 787 477 conatu.
831 411 950 477 llultis
974 413 1114 497 praeliis,
1137 415 1243 479 multo

150 516 307 598 sangnine
330 516 366 580 id
388 522 482 580 erant
503 515 661 593 assecuti,
682 520 721 579 nt
739 515 877 580 haeresis
896 515 1059 580 valentior
1071 516 1107 578 in
1121 514 1197 580 dics
1211 523 1246 579 et

151 619 298 702 publicis
322 618 473 685 cladibus
487 618 593 702 major
612 626 810 702 exsurgeret.
854 616 955 682 Nova
980 617 1096 701 hydrae
1119 618 1245 682 infelici

151 720 265 802 capita
286 726 534 786 mccrsvennt:
557 719 670 784 deerat
689 717 841 798 Alcides,
860 719 918 802 qui
939 719 1027 784 banc
1040 727 1167 803 pestem
1183 738 1244 784 ex·

149 823 318 903 tingueret.
363 821 416 886 Ea
438 823 635 887 Lunovwo
654 819 796 884 Masso
810 819 913 902 gloria
927 821 1132 885 servabatur.
1178 819 1247 884 Mi-

149 925 257 1003 nistri,
271 925 410 1009 templa,
425 925 545 1002 edicta
568 930 683 988 cetera
696 922 867 1006 religionis
882 923 1076 989 deformatae
1092 923 1245 987 subsidia

149 1025 245 1089 nulla
258 1032 353 1092 suut:
380 1033 415 1091 et
428 1025 492 1090 hoc
507 1025 567 1089 rix
581 1042 649 1088 uno
663 1041 777 1088 meuse
790 1025 1006 1089 absolutum:
1026 1024 1165 1088 sublata
1172 1025 1244 1107 jur-

149 1127 214 1208 gia,
229 1126 427 1209 compositae
440 1125 529 1203 lites,
544 1124 658 1188 omnia
671 1124 858 1188 incredibili
869 1125 1014 1189 omnium
1025 1126 1242 1189 consensione

148 1231 182 1290 ct
194 1227 430 1311 tranquillitate
444 1226 607 1310 perlecta.
651 1224 705 1290 Ita
719 1223 958 1290 Constantinus
970 1233 1005 1290 et
1014 1225 1242 1303 Theodosios,

149 1346 289 1410 quorum
317 1326 435 1391 laudes
460 1326 662 1392 Prudentius
690 1326 910 1410 persequitur,
936 1326 1159 1391 Lunovrcus
1181 1347 1243 1410 pa·

148 1429 556 1508 renstuus,Ds1.rr11rrs
577 1427 849 1505 Suannrssrrrn,
871 1429 1021 1493 imitatus
1042 1435 1104 1492 est
1148 1427 1242 1507 Quid

147 1551 222 1595 esse
237 1532 309 1617 jam
333 1550 449 1623 capsae
473 1535 584 1614 potest
606 1530 689 1613 quin
705 1531 756 1594 illi
772 1529 907 1614 prodire
923 1536 1014 1596 tuum
1028 1530 1064 1592 in
1078 1548 1243 1612 conspec-

146 1639 218 1696 tum
246 1634 401 1715 gestiant,
429 1638 630 1717 sperentque
650 1651 687 1696 se
709 1652 731 1696 a
756 1640 790 1697 te
812 1632 951 1713 benigne
972 1636 1150 1713 acceptum
1171 1631 1242 1694 iril

145 1729 289 1799 Videbis
302 1735 357 1800 bic
378 1753 500 1799 eversa
516 1751 580 1816 per
594 1751 655 1797 eos
670 1732 821 1816 profanae
840 1730 1089 1814 superstitionis
1103 1729 1242 1813 templa,

144 1831 241 1899 licias
254 1836 426 1899 numinum
440 1834 601 1915 imagines
621 1831 813 1915 profligatas
838 1836 872 1893 et
895 1830 1059 1913 abjectas,
1085 1829 1242 1894 Senatum

142 1931 251 2009 illm,
278 1930 399 1995 Romae
423 1933 537 2007 meus,
560 1945 668 1991 rerum
689 1929 885 2006 Dominum,
908 1931 952 1992 ab
971 1930 1078 2014 impio
1089 1929 1182 1996 calb]
1197 1931 1242 1996 ad

143 2051 260 2099 veram
284 2030 495 2114 Religionem
517 2046 721 2094 murmurum
747 2027 992 2113 Imperatorum
1012 2031 1241 2096 cnratraduc·

22 2198 27 2208 ,
143 2138 228 2211 tura,
240 2139 276 2198 ot
289 2132 457 2216 superbos
470 2132 582 2197 fasces
596 2147 694 2194 auae
712 2127 836 2194 Christi
849 2137 952 2214 atque
968 2131 1154 2198 humilitate
1167 2153 1241 2198 mu·

141 2239 279 2299 tantem
323 2232 553 2298 Lunovroua
567 2231 603 2296 iu
612 2229 683 2295 illis
693 2231 985 2315 agnosces,bnjus
999 2233 1239 2314 fortitudinem,

141 2334 374 2412 constantim
395 2334 609 2418 sapientiam,
629 2332 792 2417 pietatem
810 2333 848 2397 in
861 2352 976 2398 eorum
991 2333 1164 2419 depicum
1172 2336 1240 2401 vir-

140 2437 274 2502 tutibus
287 2436 389 2501 iacile
402 2434 639 2520 deprehendas.
682 2436 822 2499 Summo
834 2434 903 2500 luit
926 2435 1131 2502 Prudentius
1145 2437 1240 2521 apud

142 2534 327 2601 Arcadium
350 2543 386 2601 et
406 2536 592 2601 Honorium
614 2537 652 2600 in
678 2536 797 2616 pretio,
817 2537 904 2620 quia-
918 2537 1006 2622 'ipsis
1033 2538 1238 2623 exemplum,

138 2636 234 2720 quod
262 2644 491 2718 sequerentur,
514 2635 550 2698 iu
569 2634 798 2699 describendis
816 2635 887 2699 illis
908 2633 1096 2704 cathmos
1111 2637 1240 2722 Religi-

138 2738 217 2802 onis
236 2737 392 2802 bcroibus
415 2739 633 2821 proponebat.
677 2737 774 2801 Idem
795 2737 859 2802 tibi
883 2757 905 2802 a
922 2758 1052 2805 summo
1066 2739 1124 2804 illo
1137 2739 1239 2824 podta

138 2837 348 2921 proponitur.
392 2837 540 2903 Farebis
562 2837 627 2915 illi,
649 2838 782 2922 opinor,
805 2845 842 2903 et
863 2839 1031 2905 bominem
1054 2840 1172 2923 ingeni·
1194 2860 1238 2908 ac

138 2938 276 3023 pietatis
289 2938 399 3021 gloria
410 2939 591 3018 florentem,
606 2939 667 3024 qui
681 2940 895 3023 superimmn
911 2949 1101 3025 temporum
1116 2940 1238 3026 injuria

136 3041 298 3124 tantisper
314 3041 434 3125 jacuit,
449 3042 602 3123 benigue,
627 3050 666 3108 ut
686 3047 817 3109 ceteros
831 3043 932 3123 soles,
946 3044 1116 3128 accipies:
1141 3042 1238 3108 dum·

137 3140 1055 3226 uueiueorespraeclaregestassummorumuiroeum
1074 3142 1238 3210 Constu-

136 3240 201 3306 tini
229 3245 263 3306 et
287 3241 472 3318 'l'beodosii
497 3244 660 3327 perleges,
695 3242 894 3308 informabis
922 3246 1035 3310 animo
1061 3245 1134 3329 jam
1157 3251 1236 3311 bn

134 3360 215 3425 qna
241 3343 398 3409 tacturus
427 3363 464 3410 ea
487 3345 689 3428 aliqnando:
718 3362 797 3410 cnm
824 3352 858 3410 te
882 3346 1074 3412 Lunovror
1098 3345 1234 3410 idaeus

134 3443 282 3525 uestigia
302 3452 513 3527 prementem,
537 3448 628 3512 orbis
654 3453 811 3512 terrarum
826 3446 1032 3526 fortitudine,
1043 3446 1235 3531 prudentia,

135 3543 308 3626 religionis
327 3546 445 3613 >studio
470 3555 688 3631 praestantem
714 3548 905 3629 intuebitur,
931 3556 965 3615 et
982 3548 1234 3626 Lunovrous,

58 3688 64 3697 ·
133 3651 304 3728 parentem
318 3653 411 3712 trram
433 3647 730 3733 Angustissimum,
751 3657 789 3717 te
810 3651 1026 3736 potissimum
1047 3649 1120 3715 tilis
1135 3647 1233 3734 ling·

133 3764 218 3811 uum
237 3754 272 3814 et
290 3748 422 3818 felicem
436 3770 513 3819 esse
526 3752 733 3838 praedicabit
