2752 4674
589 305 798 357 rmnnarro.
1201 298 1245 364 31

145 447 205 511 hus
234 446 375 524 usitate,
398 447 542 512 animam
567 456 673 512 vocat
701 449 797 513 ‘oris
825 449 891 515 Dei
917 469 1016 534 opus,
1045 450 1146 517 flante
1168 454 1244 523 Deo

144 550 381 631 compositum,
396 569 587 633 superoque
601 549 710 614 fluens
725 551 766 614 de
791 551 878 616 solio
904 550 1016 617 Patris
1030 553 1185 633 artificis‚’
1199 558 1244 622 ad

143 667 240 730 quern
255 650 401 714 resoluto
416 670 554 733 corpore
567 652 748 730 revolabit,
764 651 885 716 Perist.
895 651 1022 736 Hymn.
1032 671 1071 719 x.
1087 676 1155 722 uss.
1165 659 1243 725 633.

143 748 244 826 Haec,
259 751 408 831 inquam,
422 752 609 834 similiaque
634 753 737 817 multa
758 756 988 836 praetermitto,
1011 762 1049 821 nt
1066 756 1111 821 iis
1126 759 1242 825 locum

141 848 276 927 faciam,
291 871 368 933 quae
385 851 511 934 Hymn.
534 853 569 916 S.
587 853 734 918 Romani
749 874 803 919 rs.
822 854 950 920 436.οῐ
964 876 1057 940 seqq.
1070 857 1242 927 hahentur.

142 949 239 1026 Iniis
252 953 341 1016 enim
356 955 561 1036 spiritualem
576 953 707 1021 Animae
731 962 884 1020 naturam
898 977 921 1022 a
935 977 1074 1042 corpore
1087 966 1158 1026 toto
1173 982 1243 1027 coe-

140 1050 175 1115 lo
188 1051 360 1117 diversam
377 1053 493 1119 dedita
507 1075 613 1138 opera
638 1063 790 1121 astruere
813 1058 888 1141 ipse
904 1058 1049 1124 videtur.
1094 1061 1164 1126 Hic
1184 1065 1243 1146 pia

143 1149 303 1234 Martyris
325 1153 472 1218 Romani
486 1176 548 1239 pro
571 1156 787 1239 Imperatoris
813 1159 924 1224 salute
938 1167 1020 1225 vota
1034 1173 1243 1247 promuntur,

141 1253 313 1331 videlicet,
327 1262 366 1320 ut
389 1256 558 1321 idolorum
582 1266 720 1342 respuat
743 1260 931 1342 caliginem,
954 1261 1080 1327 Christi
1094 1264 1243 1347 lymphis

141 1360 180 1418 nt
195 1363 402 1432 renascatur,
418 1378 459 1422 ac
482 1366 615 1426 aeternae
634 1361 708 1442 spei
731 1361 842 1425 lumen
863 1368 987 1440 cernat,
1011 1364 1101 1448 quod
1124 1366 1242 1448 utique

140 1455 248 1521 lumen
272 1479 341 1523 non
369 1462 520 1543 corporis
543 1462 665 1540 oculis,
689 1461 752 1526 sed
778 1463 897 1527 mentis
920 1465 994 1528 acie
1030 1465 1240 1548 perspicitur.

142 1558 227 1623 Tum
240 1560 290 1624 ita
304 1563 518 1647 prosequitur
541 1584 550 1629 τ

227 1687 367 1770 Pupilla
381 1690 490 1753 carnis
506 1709 620 1754 crassa
634 1709 784 1754 crassum
797 1690 976 1774 perspicit3

110 1802 113 1812 ·
230 1789 271 1855 Et
285 1810 339 1855 res
353 1791 484 1856 caduca
498 1792 591 1875 quod
607 1792 838 1856 resolvendum
853 1799 917 1868 est,
934 1791 1045 1857 videt:

225 1889 381 1973 liquidis
393 1892 548 1956 videndis
562 1901 665 1975 aptus
682 1899 733 1958 est
749 1894 870 1957 animae
886 1891 1016 1974 liquor.'
1116 1916 1121 1927 ·

142 2027 245 2092 Haud
261 2029 384 2112 aptior,
400 2036 437 2093 ut
450 2038 544 2114 pute,
567 2030 664 2094 locus
680 2028 760 2112 fingi
779 2035 912 2112 poterat
926 2028 969 2092 ad
985 2031 1240 2109 ostendendum,

141 2151 242 2215 qnam
265 2131 384 2195 animae
409 2132 641 2214 spiritualitati
664 2129 847 2205 timendum
873 2131 970 2194 nohis
993 2152 1058 2195 nen
1071 2134 1126 2212 sit,
1139 2153 1183 2198 cx
1199 2155 1241 2200 eo

140 2231 230 2316 qnod
251 2252 326 2296 eam
349 2233 510 2316 liquidum
532 2233 704 2316 liquorem,
730 2230 893 2312 liquidam
920 2237 1072 2296 naturam
1088 2253 1110 2297 a
1130 2234 1240 2300 Poeta

139 2342 254 2398 nostro
283 2336 448 2417 appellari
472 2335 658 2418 frequenter
683 2333 845 2397 audimus.
889 2332 1048 2415 Ejusdem
1072 2335 1159 2397 enim
1184 2336 1239 2402 hic

140 2435 259 2499 animae
273 2436 383 2518 liquor
397 2447 527 2501 naturae
551 2439 597 2501 sit
617 2442 759 2520 oportet,
774 2454 816 2499 ac
839 2454 880 2499 ca
894 2434 1034 2517 liquida,
1049 2435 1173 2518 quihus
1189 2438 1241 2500 vi·

139 2535 258 2600 dandis
281 2536 423 2602 idoneus
446 2546 615 2622 aptusque
638 2546 701 2602 est
745 2536 825 2601 Jam
847 2556 928 2601 vern
951 2556 992 2601 ea
1006 2535 1148 2622 liquida,
1164 2539 1241 2620 ipsa

140 2647 219 2701 sunt
249 2640 442 2722 purissima,
472 2660 513 2705 ac
543 2641 798 2724 simplicissima
829 2638 1028 2704 Christianae
1051 2638 1239 2722 Religionis

139 2738 308 2821 dogmata,
324 2760 463 2823 quorum
483 2741 790 2806 manifestationem
816 2740 1016 2823 Imperatori
1040 2748 1239 2823 auguratur3

139 2859 216 2922 ergo
231 2841 262 2906 is
278 2843 380 2906 etiam
400 2845 521 2910 animae
547 2845 661 2927 liquor
682 2843 774 2908 aliud
799 2842 882 2907 nihil
905 2848 967 2919 est,
993 2862 1093 2925 quam
1117 2844 1238 2910 animae

139 2945 282 3026 puritas,
300 2946 446 3024 claritas,
470 2947 667 3029 simplicitas
694 2946 738 3008 ab
763 2945 853 3008 omni
877 2962 1020 3028 corpore
1035 2944 1240 3028 materiaque

140 3045 330 3124 abhorrens,
345 3067 385 3110 ac
400 3047 595 3130 longissime
615 3046 755 3111 distans.
799 3043 952 3108 Tandem
976 3044 1054 3126 quis
1080 3064 1238 3128 nuquam,

138 3147 240 3210 modo
267 3167 359 3212 sanae
383 3150 504 3214 mentis
530 3148 588 3226 sit,
613 3146 806 3223 somniahit,
832 3145 1054 3210 Prudentium
1072 3165 1115 3209 ne
1130 3146 1238 3211 Deum
1300 3196 1306 3205 .

138 3247 275 3330 quidem
290 3250 402 3332 ipsum
417 3253 647 3334 incorporeum
669 3248 988 3329 immaterialemque
1002 3247 1172 3325 habuisse,
1190 3250 1239 3312 uti

139 3347 227 3413 Eum
253 3350 436 3416 innumeris
459 3353 544 3416 locis
566 3351 727 3434 appellat,
753 3368 794 3414 ac
820 3351 886 3413 loc.
902 3347 1006 3431 paulo
1030 3353 1106 3411 ante
1129 3351 1186 3413 cit.
1203 3351 1237 3413 in

138 3451 330 3537 Symmach.
348 3471 388 3517 11.
405 3454 504 3519 180st
528 3454 571 3519 Et
587 3462 697 3518 tamen
712 3451 903 3536 Apotheos.
919 3468 969 3513 vs.
984 3449 1059 3514 194.
1075 3450 1239 3534 Spiritum

138 3555 174 3619 S.
188 3554 360 3639 liquidum
376 3556 544 3638 appellare
564 3575 632 3618 uon
647 3555 790 3631 dubitat,
810 3553 1023 3636 animamque
1039 3553 1072 3616 ei
1092 3553 1238 3617 similem

137 3657 221 3722 dicit
233 3658 299 3721 hoc
309 3658 388 3741 ipse
402 3657 461 3720 lib.
478 3677 528 3722 vs.
550 3659 627 3722 790.
670 3655 815 3735 Quaeris
828 3656 929 3738 igitur
943 3653 984 3717 de
1000 3651 1110 3717 Poeta
1124 3661 1239 3718 nostro

136 3779 203 3823 nou
219 3760 306 3824 hene
320 3759 363 3823 de
377 3760 563 3824 animarum
578 3767 700 3823 natura
711 3760 874 3823 sentiente
891 3754 1044 3836 suspicio
1056 3753 1238 3839 rejicienda

136 3861 270 3943 penitus
285 3865 319 3924 et
333 3858 530 3943 deponenda
545 3869 617 3940 est3
641 3880 682 3924 ac
699 3858 903 3943 quibusdam
913 3856 990 3920 aliis
1005 3854 1103 3934 locis,
1116 3856 1151 3919 iu
1164 3859 1237 3940 qui-

136 3963 200 4027 bus
217 3982 294 4026 cum
308 3963 487 4028 Lactantio
498 3971 523 4014 ¹⁹
551 3965 696 4027 animam
711 3961 909 4025 elementum
925 3957 979 4022 vel
993 3957 1102 4041 ignem
1118 3958 1236 4041 appel-

441 4162 443 4166 ,
519 4123 552 4170 19
569 4119 611 4170 De
622 4116 758 4180 talsasop.
769 4127 812 4166 ιιι.
834 4116 860 4164 6.
