2752 4674
535 345 741 395 unanimo.
1146 324 1189 389 27

89 497 157 558 tam
167 499 321 557 nostrum
336 490 405 555 tale
420 489 546 574 aliquid
562 492 736 575 reperitur.
778 489 839 556 Ait
855 496 941 556 certe
952 488 978 530 ¹⁶
1003 495 1101 555 nocte
1118 487 1188 553 Re·

90 594 305 658 surrectionis
327 591 453 657 Christi
477 592 613 657 Domini
628 595 862 658 damnatorum
885 592 997 677 poenis
1020 591 1187 656 intermis-

89 695 215 760 sionem
232 695 380 778 aliquam
391 693 517 772 datam,
532 694 576 759 do
591 695 714 778 quoad
733 715 810 759 eum
823 695 933 759 locum
948 693 1113 772 dicemus,
1127 692 1187 758 sed

87 795 164 859 indo
178 797 392 878 reprobomm
406 795 551 858 omnium
570 815 707 879 poenam
729 801 925 859 evacuatam
940 815 983 859 ca
995 799 1091 860 nocte
1105 794 1188 858 fuis·

89 916 138 975 se,
152 897 248 961 nullo
273 895 375 961 modo
400 899 568 980 sequitur;
601 917 663 962 nec
689 907 809 980 praeter
828 897 992 962 Clericnm
1009 897 1187 980 quisquam

89 999 178 1063 alius
193 998 385 1063 somniavit.
1182 1020 1187 1029 ·

130 1098 238 1163 Haud
251 1099 381 1164 meliori
394 1100 615 1164 fundamento
633 1100 747 1165 nititur
768 1099 1006 1182 Pelagianismi
1022 1098 1188 1181 suspicio,

88 1199 123 1263 in
135 1219 240 1284 qnam
255 1200 369 1264 Lucas
385 1199 549 1264 Osiander
562 1208 587 1249 ¹⁷
603 1200 747 1266 Potitum
760 1211 910 1266 nostrum
925 1200 1078 1278 adducit,
1092 1219 1191 1283 quem

88 1300 163 1365 vult
175 1302 284 1365 libero
297 1299 440 1364 hominis
463 1301 600 1366 arbitrio
623 1303 699 1384 plus
722 1321 823 1386 aequo
839 1302 1003 1366 tribuisse.
1048 1300 1137 1365 Sane
1151 1302 1189 1365 in

90 1402 353 1485 liumurtigeniae
364 1402 461 1478 libro,
476 1404 512 1466 in
527 1409 722 1485 quocontra
735 1403 970 1481 Marcionitas,
981 1422 1047 1466 non
1062 1423 1085 1467 a
1101 1402 1189 1480 Deo,

90 1503 149 1567 sed
165 1503 307 1567 alibero
334 1502 481 1567 hominis
507 1506 644 1569 arbitrio
667 1512 847 1588 peccatum
870 1504 1089 1587 repetendum
1111 1523 1189 1568 esse

89 1605 305 1686 domonstrat,
319 1605 511 1671 duriuscule
525 1607 681 1690 quaedam
692 1608 862 1690 aliquibus
874 1607 1001 1670 inlocis
1014 1623 1189 1668 occurrero

88 1725 155 1771 non
169 1725 332 1788 negamus
346 1726 356 1786 3
385 1707 435 1771 ita
455 1709 543 1770 enim
560 1708 702 1771 liberum
717 1707 783 1771 hoc
799 1705 975 1769 arbitrium
990 1705 1137 1782 extollit,
1153 1710 1191 1770 ut

89 1813 211 1891 praeter
224 1809 351 1890 ipsum,
365 1808 469 1872 etiam
486 1807 529 1871 ad
550 1810 676 1872 bonnm
697 1804 914 1890 operandum,
928 1804 1014 1868 nihil
1030 1805 1121 1871 aliud
1137 1825 1189 1871 re·

90 1909 221 1991 quirere
248 1907 408 1972 videatur.
452 1908 520 1973 Sed
558 1928 673 1973 omnes
703 1908 847 1973 sanioris
884 1905 1028 1970 critices
1064 1911 1189 1991 regula

89 2011 323 2094 praescribunt,
345 2015 382 2074 ut
406 2010 450 2074 ad
471 2010 648 2093 genuinum
676 2012 859 2100 Scriptoris
883 2008 1029 2094 alicujus
1053 2031 1190 2077 sensum

90 2110 353 2197 percipiendum,
366 2111 445 2176 loca
458 2112 655 2177 obscuriora
664 2134 738 2178 cnm
754 2117 952 2183 clarioribus
967 2117 1189 2192 conserantur,

92 2215 182 2301 quod
197 2217 335 2281 minimo
354 2223 537 2300 praestasse
558 2216 689 2283 videtur
712 2218 890 2286 Osiander.
933 2221 1024 2287 Nam
1046 2220 1190 2303 primum

93 2318 243 2401 pluribus
257 2319 291 2382 in
306 2319 405 2397 locis,
420 2318 479 2383 sed
503 2321 691 2401 praesertim
718 2321 752 2384 in
780 2319 969 2403 Apotheosi
983 2340 1034 2386 vs.
1056 2321 1132 2385 900.
1156 2328 1191 2384 et

93 2439 173 2503 seq,
188 2419 341 2485 humana
358 2429 484 2486 uatnrae
497 2422 531 2485 in
545 2420 677 2485 Adamo
691 2422 821 2505 lapsum
845 2424 911 2487 late
926 2429 1038 2486 noster
1051 2422 1192 2505 exequi·

93 2527 155 2584 tur.
184 2520 264 2585 Jam
275 2540 356 2586 vero
372 2522 583 2605 praecipuum
599 2524 732 2604 peccati
748 2523 919 2605 originalis
935 2521 1089 2587 effectum
1104 2542 1191 2600 esse,

91 2630 238 2686 nostram
253 2623 297 2687 ad
322 2624 444 2687 bonum
469 2623 703 2705 quodcumque
727 2623 929 2706 operandum
952 2624 1192 2706 impotentiam,

93 2730 127 2808 et
140 2724 329 2789 absolutam
344 2724 554 2789 medicinalis
576 2724 658 2789 Jesu
674 2724 799 2789 Christi
814 2725 932 2808 gratiae
944 2725 1192 2803 necessitatem,

93 2843 208 2889 omnes
228 2824 393 2890 fatentur:
420 2827 507 2890 unde
533 2825 718 2908 Pelagiani,
742 2828 801 2911 qui
828 2827 912 2891 hanc
932 2825 1054 2892 Christi
1076 2828 1192 2910 gratiae

93 2926 326 2990 emensitatem
343 2946 410 2990 non
424 2912 663 3009 agnoscebant,
674 2928 776 2992 simul
791 2936 826 2991 et
839 2928 998 3010 originale
1012 2934 1193 3011 peccatum

95 3025 340 3091 inficiabantur.
395 3029 493 3093 Licet
521 3048 600 3111 crgo
622 3048 822 3112 expressam
844 3031 957 3110 gratiae
979 3029 1081 3113 hujus
1103 3049 1193 3094 men-

96 3127 222 3192 tionem
244 3129 366 3193 nullibi
390 3130 595 3195 Prudentius
619 3130 764 3208 haberet,
787 3133 964 3214 agnovisse
988 3151 1065 3194 eum
1081 3138 1194 3196 tamen

97 3228 173 3292 inde
189 3230 313 3313 conjici
332 3232 409 3315 jure
433 3240 562 3314 posset,
587 3232 679 3316 quod
705 3243 857 3316 apertam
880 3234 1011 3316 peccati
1026 3234 1194 3315 originalis

98 3329 342 3395 consessionem
357 3334 485 3416 ubique
500 3334 613 3398 saciat.
656 3333 723 3397 Sed
744 3353 805 3398 nec
820 3352 933 3397 verum
949 3340 1013 3409 est,
1027 3351 1105 3396 eum
1126 3332 1194 3398 Re·

98 3431 256 3497 demtoris
282 3435 398 3516 gratiae
425 3455 595 3520 uunquam
629 3435 831 3499 meminisse.
886 3433 978 3498 Nam
1007 3433 1195 3518 Apotheos.

96 3552 149 3599 vs.
162 3531 240 3599 880.
264 3534 442 3600 humanam
467 3544 623 3602 naturam
646 3538 814 3620 ‘lapsam,
835 3534 1026 3621 Christique
1048 3539 1195 3621 inopem,

97 3653 182 3699 nora
197 3636 304 3718 gratia
318 3636 514 3703 inundatum
534 3638 663 3703 suisse'
688 3640 779 3704 dicit.
826 3637 918 3718 Quin
932 3640 1009 3720 ipso
1024 3637 1196 3702 Hamarti·

98 3735 205 3814 geniae
227 3737 286 3800 lib.
310 3758 362 3804 rs.
383 3740 458 3804 665.
484 3741 653 3805 Christum
675 3741 815 3824 perditis
841 3745 982 3823 peccato
1005 3738 1197 3823 hominibus

100 3838 111 3868 ‘
126 3835 308 3903 redivivam
324 3841 440 3905 tulisse
455 3842 640 3922 medelam3
663 3862 723 3907 eos
737 3862 800 3926 ope
815 3848 1004 3905 restaurare
1016 3839 1196 3920 secunda3'

99 3938 181 4014 tum,
206 3939 299 4020 quod
323 3942 505 4007 maximam
525 3944 596 4009 rim
617 3945 727 4021 habet,
753 3943 848 4007 ‘labi
866 3942 1008 4007 bominis
1024 3942 1197 4026 proprium

133 4136 165 4182 16
181 4134 298 4188 cathem.
307 4137 403 4204 Hymn.
416 4154 454 4190 vr.
467 4143 604 4194 ras-1³⁸.
716 4145 745 4193 lt
763 4141 796 4193 ln
808 4141 878 4209 Epir.
890 4142 961 4195 lint.
973 4141 1046 4193 Ecol.
1057 4148 1128 4192 cent.
1137 4144 1163 4190 ⁴.
