2752 4674
583 317 794 371 cessario.
1211 305 1234 368 7

142 460 289 544 proprio,
318 457 381 523 sed
408 476 479 526 suaa
507 459 648 537 nationi,
679 459 845 544 Hispane
873 461 1032 529 videlicet
1052 463 1231 530 ommuni.

139 561 205 628 Sed
219 561 262 629 de
276 561 342 627 noc
354 560 447 639 sads,
463 568 576 628 cetera
590 561 776 629 ridearnns.

181 663 354 745 Ingenium
377 681 469 742 acre,
492 662 666 742 disertum,
688 662 795 742 ferax,
819 663 970 731 scientiis
995 665 1234 749 percipiendis,

139 763 288 846 sciteque
304 763 488 833 mandis
505 764 658 847 apprime
672 764 827 834 idoneum
846 784 872 838 a
884 771 1003 833 natm
1016 765 1236 835 Prudentinnr

140 848 291 929 nostrum
303 863 471 941 nausias,
483 864 639 949 quisquis
657 865 730 950 ejus
745 863 861 950 Opera
873 886 938 932 non
952 866 1136 934 oscitanter
1146 869 1236 952 lege·

138 965 194 1043 rit,
215 965 316 1031 facile
339 966 591 1033 animadvertet
635 965 728 1035 Huic
748 966 892 1035 memnii
914 967 1017 1046 bono,
1037 968 1155 1053 ingens
1173 989 1238 1054 pa·

137 1073 265 1134 rentum
289 1068 439 1134 accessa
459 1066 652 1145 solicitudo,
674 1086 742 1152 qna
763 1088 856 1146 enm,
876 1087 1017 1152 puerum
1031 1069 1151 1149 ediec,
1164 1091 1237 1138 nra·

138 1170 251 1250 sisois
265 1169 491 1248 radimur
512 1169 723 1248 liberalibus,
739 1171 946 1255 epti-isque
969 1171 1162 1256 disciplinis
1173 1173 1237 1240 im·

136 1270 292 1337 haeretur
306 1271 609 1339 scdumemarmt.
652 1272 734 1358 Ipse
755 1290 836 1336 nere
857 1271 1058 1340 induendam
1073 1272 1237 1341 studian-

137 1390 203 1456 φο
218 1373 324 1439 solers
346 1372 519 1458 prestanti
542 1377 672 1438 naturae
694 1372 913 1457 conjungens,
935 1373 971 1440 in
992 1373 1037 1441 iis
1056 1374 1142 1442 adeo
1155 1393 1236 1458 pre-

136 1471 231 1551 fecit,
244 1480 282 1541 ut
296 1479 332 1539 et
344 1479 482 1559 propter
503 1474 649 1540 animm
674 1474 828 1542 scientiis
853 1474 1173 1559 humanioribusque
1187 1476 1238 1543 ia·

136 1574 317 1640 amictibus
331 1576 614 1654 excultissimnm,
634 1583 670 1643 et
685 1583 824 1661 propter
845 1577 996 1659 insignia
1016 1577 1232 1661 Reipublicae

136 1695 283 1755 munera,
307 1696 384 1760 qnae
407 1676 659 1743 administrasse
681 1678 874 1761 promeruit,
893 1695 1050 1758 magnam
1073 1678 1141 1742 sibi
1164 1679 1236 1760 glo·

135 1779 217 1842 riam
238 1779 415 1862 pepererit,
437 1786 473 1843 et
493 1797 562 1842 non
583 1782 714 1842 tantum
737 1777 904 1862 Hispanae
925 1777 1160 1857 nobilissimae,
1175 1778 1235 1844 sed

136 1878 240 1943 totirm
266 1879 371 1947 etiam
401 1877 564 1944 Ecclema
589 1879 703 1960 ingens
728 1886 959 1943 ornamentum
984 1884 1018 1943 et
1040 1880 1236 1963 praesidium

137 1981 295 2044 evaserit.
337 1977 393 2044 Ab
408 1979 551 2044 infantia
566 1983 626 2043 aut
640 1997 737 2042 sacro
754 1984 931 2062 purgatum
945 1979 1161 2063 baptismate,
1177 1986 1238 2061 aut

138 2079 256 2146 ariam
277 2081 362 2146 inter
383 2079 648 2146 Gatechnmenos
670 2077 841 2155 allectum,
857 2078 1009 2160 religioni
1032 2076 1234 2147 Chustianae

138 2200 271 2266 semper
284 2181 482 2260 adhaesisse,
492 2179 673 2264 conjicitur
685 2198 729 2243 ex
743 2197 786 2244 eo
801 2178 904 2264 quod,
917 2199 992 2245 cum
1011 2181 1123 2246 varias
1140 2183 1236 2248 aber·

139 2282 293 2360 satiem,
315 2284 368 2348 vel
396 2290 514 2348 tenerae
537 2283 662 2360 atatis,
685 2280 818 2359 defleat,
840 2299 1009 2365 nunquam
1031 2288 1145 2347 tamen
1166 2303 1235 2348 me-

138 2384 234 2449 minit
247 2384 406 2450 falsorum
420 2383 593 2448 numinum
608 2382 731 2447 cultus.
840 2370 842 2376 ’

180 2484 366 2570 Septimum
375 2485 540 2551 decimum
554 2482 666 2548 aetatis
679 2502 800 2547 annum
812 2500 925 2565 agens,
936 2479 1125 2549 Rhetorum
1138 2485 1235 2553 scho-

139 2585 190 2650 las
203 2586 409 2671 frequentare
423 2586 539 2670 coepit,
552 2584 672 2670 (Praei.
695 2584 729 2648 in
744 2583 892 2650 Cathena.
914 2603 965 2648 vs.
978 2581 1028 2668 7.)
1050 2584 1234 2670 inquibus,

140 2689 186 2752 uti
201 2707 318 2772 prava,
333 2688 399 2766 sui,
415 2687 622 2771 aliorumque
640 2687 845 2752 saecnlornm
870 2686 998 2752 serebat
1012 2688 1236 2766 consuetudo,

139 2788 365 2855 declamandis
379 2788 492 2854 causis
505 2793 614 2853 totum
628 2806 666 2852 se
680 2785 782 2853 dedit
807 2788 850 2852 In
859 2788 924 2854 hcc
939 2792 1052 2853 autem
1068 2787 1234 2873 ejusmodi

140 2892 345 2969 exercitatio,
360 2911 462 2975 qnam
481 2891 602 2974 vulgus
623 2890 737 2972 magni
758 2890 915 2969 iaciebat,
930 2896 1006 2956 tota
1026 2894 1234 2974 versabatur,

140 2997 177 3057 ut
190 2993 302 3077 posita
316 2993 557 3077 cujuscumque
579 2993 712 3078 generis
732 3013 849 3071 causa,
871 3011 947 3060 eam
968 2992 1025 3059 vel
1045 2992 1234 3073 ieanocro,

141 3096 194 3160 vel
209 3115 402 3180 oppugnare
411 3095 572 3180 juventus
586 3095 790 3174 addisceret,
804 3103 873 3162 tam
895 3113 1017 3180 parum
1037 3093 1083 3162 de·
1100 3096 1236 3160 veritate

141 3196 339 3274 solicitant
361 3198 421 3281 qui
439 3197 541 3262 modo
564 3217 625 3282 pro
647 3218 714 3262 una
735 3206 831 3283 parte
853 3196 1140 3281 depugnavernnt,
1156 3215 1236 3260 mox

141 3317 202 3382 pro
218 3298 324 3363 altera
343 3306 470 3364 certare
494 3298 670 3380 deberent3
693 3301 770 3384 quin
786 3299 898 3376 immo,
910 3296 1072 3363 Cicerone
1088 3303 1186 3373 teste,
1200 3296 1236 3359 in

141 3399 247 3464 Bruto
262 3402 281 3486 ξ
295 3400 327 3466 8.
343 3407 447 3485 caput
461 3401 544 3466 artis
561 3408 633 3467 erat
647 3402 786 3467 docere:
810 3405 821 3434 ‘
837 3397 1116 3483 quemadmodum
1133 3416 1238 3464 causa
1342 3392 1348 3405 ”

140 3499 272 3566 inferior
300 3500 442 3566 dicendo
469 3501 544 3567 fieri
570 3503 722 3586 superior
746 3501 882 3586 posset'
924 3500 1022 3580 Quot
1046 3499 1238 3565 indemnia

140 3603 432 3686 proficiscerentur,
446 3604 681 3689 unnsquisque
695 3604 797 3669 facilc
812 3606 928 3688 potest
942 3602 1135 3684 intelligere.
1179 3600 1237 3664 Li-

140 3705 297 3770 cetenim
323 3705 359 3770 id
380 3725 440 3790 per
461 3706 588 3786 ludum,
612 3725 654 3773 ac
676 3706 826 3772 exercitii
849 3723 953 3770 causa
974 3703 1044 3766 fieri
1059 3703 1237 3780 rideretur,

139 3805 376 3871 insuescebant
400 3813 509 3871 tamen
532 3806 770 3884 adolescentes,
793 3806 835 3869 de
859 3803 959 3868 rebus
985 3801 1152 3880 omnibus,
1179 3822 1236 3868 ea-

138 3906 275 3975 rundem
311 3914 431 3975 natura
466 3909 603 3974 minime
639 3910 831 3993 perspecta,
859 3911 983 3970 temere
1011 3904 1237 3988 pronuntiare,

139 4028 306 4094 suumque
326 4031 470 4090 sensum,
489 4030 550 4095 per
573 4011 626 4078 fas
649 4015 684 4075 et
706 4007 816 4088 nefas,
839 4006 915 4076 scio
936 4005 1092 4074 vincendi
1114 4003 1238 4080 studio,

139 4113 353 4195 pertinaciter
367 4112 555 4179 defendere.
603 4114 696 4179 Hinc
718 4094 809 4197 spari
832 4110 1026 4197 plerosque,
1048 4102 1236 4189 thns'modi
