2752 4674
134 283 176 348 18
579 299 786 348 pensauro.

133 464 210 509 mus
241 441 454 509 Gennadium
481 443 688 519 meminisse,
713 441 805 524 gravi
833 460 874 506 ac
902 441 1054 524 impense
1081 442 1234 507 deflenda

135 552 320 629 temporum
348 544 468 630 injuria
498 543 672 607 exaruisse
695 541 872 606 dicendum
899 548 971 620 est3
1002 544 1038 606 ni
1066 542 1151 607 forte
1176 544 1234 607 ad·

133 650 199 712 buc
245 648 369 711 alicubi
408 646 595 722 delitescat,
636 645 762 708 tamdiu
797 664 873 709 curn
911 646 1010 708 tineis
1051 646 1234 728 blattisque

135 750 411 826 conflictaturum,
426 748 537 812 donec
558 747 672 825 doctu,
696 767 815 830 sagax,
838 746 1101 829 fortunatiorqne
1115 764 1234 811 manus

134 854 169 916 in
181 851 266 915 illud
280 850 439 928 offendat,
454 851 511 914 et'
501 870 536 914 ru
550 852 660 914 lucem
676 851 835 934 proferat,
845 867 964 930 magno
980 846 1178 913 Christiana
1194 868 1234 914 ac

133 954 308 1018 literaria
334 951 496 1034 Reipubl.
519 952 612 1015 bono
635 960 668 1016 et
690 958 897 1015 ornamento.
940 949 996 1014 Ex
1010 949 1163 1014 omnibus
1179 954 1237 1012 au-'

134 1061 204 1119 tem
217 1054 436 1119 existentibus
453 1052 563 1117 adhuc
577 1051 753 1116 Prudentii
771 1051 954 1135 Operibus,
969 1071 1054 1116 unus
1070 1057 1124 1116 est
1138 1050 1234 1115 libel-

133 1155 405 1240 lusDiptychon,
425 1174 523 1238 quem
539 1154 692 1218 nonnulli
714 1153 834 1219 Poetae
861 1164 975 1219 nostro
1000 1153 1235 1217 ascribendum

135 1277 211 1321 esse
225 1256 314 1320 haud
329 1256 429 1319 facile
444 1256 510 1319 sibi
526 1253 753 1338 persuadent.⁶
796 1253 877 1319 Alia
899 1256 976 1318 aliis
991 1255 1170 1319 dubitandi
1183 1275 1235 1321 ra·

135 1359 195 1422 tio.
239 1358 342 1423 Joan.
365 1357 563 1432 Sichardus,
591 1356 688 1440 cujus
712 1357 883 1422 nonnullae
906 1362 1020 1420 extant
1040 1357 1074 1420 in
1089 1356 1236 1421 Pruden-

135 1461 220 1524 tium
235 1459 478 1536 annotationes,
498 1458 580 1522 licet
602 1458 747 1521 fateatur
770 1458 999 1522 vetustissima
1016 1477 1158 1539 quaeque
1174 1477 1235 1522 ex-

135 1562 300 1643 emplaria
314 1562 347 1624 in
366 1561 430 1625 hoc
453 1561 639 1637 convenire,
662 1567 701 1624 nt
722 1561 913 1625 istiusmodi
936 1579 1024 1643 opus
1047 1559 1235 1624 Prudentia

136 1663 319 1740 ascribant,
334 1662 514 1726 dictionem
530 1667 641 1725 tamen
669 1680 743 1725 eam
766 1681 841 1724 esse
856 1663 914 1736 ait,
936 1669 974 1725 ut
994 1660 1096 1725 facile
1119 1663 1237 1745 probet

136 1764 274 1828 alterius
290 1783 376 1842 esse,
392 1772 425 1828 et
439 1763 583 1827 sortasse
606 1764 746 1840 Sedulii,
760 1765 813 1827 vel
835 1762 970 1828 Amaeni
986 1763 1161 1847 cujusdam
1175 1783 1236 1846 pa·

135 1885 211 1928 rum
229 1866 301 1929 noti
322 1864 514 1947 Scriptoris,
529 1863 757 1946 cujusuomen
772 1866 806 1927 in
820 1871 953 1929 vetusto
969 1863 1051 1928 Cod.
1067 1863 1235 1947 Argento-

135 1967 260 2030 ratensi
271 1965 350 2028 huic
365 1960 544 2047 Opuscnlo
561 1963 752 2045 praefixum,
768 1983 806 2027 se
822 1964 949 2028 vidisse
965 1971 1116 2029 testatur.
1161 1966 1236 2051 Sty-

135 2069 160 2132 li
184 2067 423 2131 dissonantiam
446 2065 617 2148 Dupinius
645 2065 747 2128 etiam
770 2071 865 2147 urget
884 2065 953 2130 loc.
975 2065 1058 2143 cit.;
1083 2065 1144 2129 sed
1159 2067 1233 2150 ejus

137 2168 309 2232 sententia
323 2174 386 2244 est,
400 2165 592 2248 hujusmodi
607 2184 694 2248 opus
716 2184 738 2229 a
760 2166 939 2231 Prudentio
957 2167 1092 2250 quidem
1107 2168 1235 2250 profec-

136 2277 208 2334 tum
222 2270 315 2334 initio
329 2269 445 2345 inisse,
463 2266 553 2350 quod
572 2265 672 2331 modo
697 2273 809 2333 tamen
830 2268 1005 2345 habemus,
1022 2268 1115 2333 illius
1128 2270 1237 2352 epito-

136 2392 212 2435 men
239 2371 416 2455 quamdam
439 2389 516 2434 asse
538 2368 581 2432 ab
605 2368 748 2434 Amaeno
774 2368 826 2431 vel
849 2369 917 2433 alio
952 2369 1072 2452 quovis
1098 2376 1235 2436 auctore

137 2472 329 2538 confictam.
374 2470 475 2547 Nam,
491 2470 609 2553 inquit,
624 2489 711 2552 opus
725 2469 897 2552 quoddam
912 2471 954 2533 de
976 2477 1050 2535 toto
1073 2470 1120 2535 V.
1136 2477 1172 2536 et
1188 2471 1235 2537 N.

136 2573 352 2639 Testamento
382 2571 605 2635 Prudentium
640 2571 843 2650 elaborasse,
872 2578 973 2655 atque
1001 2573 1035 2636 in
1063 2573 1235 2655 publicum

137 2676 301 2750 emisisse,
317 2672 513 2751 Gennadius
529 2678 644 2753 aperte
659 2671 772 2735 tradit.
816 2672 885 2736 Sed
902 2671 984 2736 illud
1002 2680 1162 2757 tanquam
1187 2675 1237 2738 in-

136 2796 217 2859 gens
232 2795 319 2859 opus
333 2776 424 2840 idem
438 2775 565 2838 Auctor
580 2773 745 2856 designat,
767 2774 963 2858 Diptycbon
972 2783 1083 2839 autem
1099 2775 1237 2841 libellus

136 2900 260 2965 parvus
275 2887 337 2946 est.
381 2879 515 2944 Vellem
530 2876 682 2961 equidem
696 2878 819 2955 locum,
831 2879 864 2943 in
878 2899 945 2962 quo
955 2880 1027 2944 baec
1043 2879 1236 2944 Gennadius

137 2983 241 3060 dicat,
257 2983 478 3066 designasset,
494 2981 614 3046 nullibi
636 2981 727 3044 enim
748 2981 889 3064 reperio.
934 2980 1063 3045 Verum
1079 3002 1160 3046 sane
1174 2988 1236 3059 est,

136 3084 226 3168 quod
241 3085 305 3149 hoc
321 3105 421 3168 opere
431 3091 529 3166 atque
545 3084 581 3147 in
597 3082 837 3147 Hexadmeron
849 3086 1084 3148 commentario
1093 3086 1237 3149 recensi-

137 3187 191 3263 tis,
207 3185 405 3251 Gennadius
429 3185 542 3250 addit:
566 3189 577 3219 ‘
593 3184 796 3268 Composuit
818 3191 852 3250 et
867 3184 1024 3262 libellos,’
1038 3189 1098 3250 &c
1113 3188 1237 3270 quibus

139 3291 347 3373 Diptycbon,
363 3298 403 3352 ut
415 3288 527 3370 majus
542 3288 700 3371 quiddam
711 3307 732 3351 a
744 3289 869 3352 ceteris
893 3287 1018 3351 libellis
1031 3289 1236 3370 distinguere

136 3391 266 3453 videtur
279 3410 288 3469 3
311 3390 371 3454 sed
386 3390 577 3473 conjectura
590 3396 643 3452 est
655 3407 863 3472 superquam
876 3389 969 3453 firma
984 3390 1141 3472 probatio
1156 3410 1237 3455 con-

137 3493 221 3555 strui
237 3492 372 3553 omnino
387 3511 455 3554 non
470 3498 596 3574 potest.
642 3489 783 3553 Nullius
805 3491 933 3572 pariter
952 3492 1110 3573 ponderis
1127 3499 1179 3557 est
1194 3493 1237 3557 de

137 3592 214 3673 styli
229 3590 436 3654 dissonantia
450 3590 541 3672 qnod
556 3592 670 3670 aiunt;
695 3611 808 3656 secum
821 3593 911 3657 enim
922 3593 1063 3656 invicem
1076 3603 1237 3676 pugnant.

139 3690 338 3757 Dominicus
354 3690 492 3756 Macros
507 3692 541 3754 in
558 3690 736 3756 Hierolex.
760 3694 930 3776 aninius
944 3692 1009 3756 loc.
1024 3695 1084 3759 cit.
1098 3693 1237 3778 aliique,

135 3811 204 3856 non
218 3796 338 3859 eadem
353 3795 473 3876 linguae
487 3795 632 3878 puritate
648 3814 689 3859 ac
705 3801 894 3871 venustate,
911 3813 979 3876 qua
993 3794 1166 3859 Prudentii
1182 3818 1237 3861 ce·

138 3898 207 3956 tera
216 3896 440 3976 conscriptum
451 3916 525 3960 euru
535 3915 611 3960 esse
624 3895 748 3959 dicunt.
763 3894 909 3960 Bailleto
917 3893 1069 3960 Adriano
1081 3916 1100 3960 a
1112 3904 1237 3976 conus,

169 4061 186 4104 b
201 4056 278 4108 Joan.
289 4056 427 4108 Sieburdus
438 4059 465 4110 J.
477 4061 506 4110 C·
517 4061 626 4110 Scholils
639 4061 665 4109 in
706 4061 841 4112 Passeris.
864 4061 890 4110 in
914 4060 1053 4125 Apparet,
1071 4060 1195 4113 Heinsius
1211 4062 1239 4111 in

138 4134 231 4199 Prae,
243 4136 339 4200 Georg.
352 4137 456 4188 Febris.
468 4138 495 4187 iu
505 4138 561 4187 vit.
575 4138 667 4203 Prud,
707 4139 783 4202 Not,
792 4137 922 4202 Dupiulos
930 4137 999 4188 Bibl.
1010 4137 1110 4190 Ecclt
1120 4151 1164 4191 nr.
1175 4153 1202 4203 p.
1215 4143 1239 4189 1.
