2752 4674
133 285 176 348 40
576 299 785 351 11111111.

133 461 218 520 rum,
232 440 388 525 repetitis
402 442 618 520 editionibus,
632 461 675 507 eo
690 442 926 525 singuhrritatis
948 463 991 509 ac
1012 446 1158 512 raritatis
1173 448 1232 513 de-

133 545 277 622 venisse,
292 550 329 608 nt
342 543 475 609 venales
497 544 588 627 apud
610 544 821 629 Bibliopolas
840 546 996 629 nuspiam
1011 551 1232 632 reperiantur,

134 665 175 711 ac
189 645 310 711 frustra
323 647 544 730 requirantur!
576 647 656 712 Hoc
672 648 786 730 utique
799 654 959 731 expertus
974 648 1135 713 affirmare
1149 670 1234 735 pos-

134 766 220 825 sum,
233 767 301 812 non
314 749 422 814 solum
436 749 491 813 bio
509 750 599 832 apud
614 750 825 833 Bibliopolas
839 751 1044 834 exemplaria
1057 753 1154 816 nulla
1174 772 1234 817 ex·

136 856 219 926 tare,
242 850 300 915 sed
322 852 426 916 etiam
447 852 536 916 datis
558 852 603 917 ed
627 851 797 930 Amicum,
822 853 976 932 Parisiis,
996 852 1173 937 Epistolis,
1195 859 1234 920 nt

133 950 214 1015 mibi
231 950 545 1018 chamillardianam
568 953 772 1031 Editionem,
796 954 878 1019 alibi
898 954 1021 1020 frustra
1042 957 1233 1038 quaesitam,

135 1067 353 1136 compararet,
376 1057 549 1140 rescripsit
570 1056 628 1121 ille
649 1066 729 1140 post
743 1057 865 1121 multas
878 1057 1132 1140 perquisitiones
1145 1076 1234 1141 prar-

135 1153 217 1218 sata
233 1154 396 1220 Editionis
409 1160 582 1241 exemplar
602 1157 767 1241 reperisse
781 1177 820 1222 se
834 1156 984 1241 quidem,
1000 1159 1060 1223 sed
1080 1178 1149 1224 non
1170 1160 1234 1225 111-

135 1256 206 1318 nori
228 1274 329 1338 quarn
349 1258 466 1339 viginti
487 1259 638 1343 quinque
660 1265 829 1324 scutorum
855 1259 976 1343 pretio.
1019 1259 1133 1344 Atque
1156 1242 1236 1328 lraed

136 1361 232 1421 tanta
243 1356 319 1421 libri
331 1357 433 1442 bnjus
448 1362 581 1440 raritas,
594 1380 662 1426 non
674 1365 862 1445 postremus
883 1360 964 1425 mibi
985 1361 1143 1426 stimulus
1156 1361 1234 1440 fuit,

135 1463 174 1521 nt
200 1455 287 1526 hanc
315 1477 440 1526 novam
475 1461 665 1527 Fditionem
692 1459 911 1526 adornandam
943 1462 1160 1545 susciperem,
1197 1464 1233 1528 in

138 1576 207 1638 qna
228 1557 309 1640 quid
332 1562 519 1642 praestitum
543 1563 590 1628 sit
615 1563 736 1648 paucis
764 1562 896 1645 accipe,
920 1562 1042 1630 Lector
1065 1563 1235 1632 111111111-

138 1677 234 1729 8111101

570 1831 732 1900 CAPUT
752 1830 818 1896 Vl.

329 1982 382 2048 De
395 1984 485 2070 btq'rts
501 1981 660 2083 Editiorrir
669 1980 821 2058 methodo,
835 1982 984 2062 utilitate,
997 1984 1050 2058 drc.

139 2128 184 2195 ΙΝ
215 2127 455 2193 distribuendis
485 2124 604 2191 Poetae
640 2125 818 2210 Operibus,
844 2125 1066 2190 Heinsianam
1099 2133 1237 2191 secutus

139 2253 213 2297 sum
242 2229 445 2307 methodum,
475 2226 735 2313 suffragantibus
762 2225 941 2294 Vaticanis
970 2229 1119 2293 melioris
1141 2237 1235 2299 notae

139 2334 336 2400 (lodicibus.
382 2332 433 2397 Ea
456 2341 566 2397 autem
591 2337 641 2396 est
662 2337 700 2397 nt
720 2331 845 2414 primus
861 2330 1118 2395 Cathemerinon
1139 2332 1237 2397 locus

141 2439 195 2516 sit,
207 2439 304 2523 isque
320 2434 495 2504 duodecim
509 2435 659 2520 Hymnis
679 2443 825 2511 constet,
840 2454 906 2499 non
923 2434 1051 2511 decem,
1071 2441 1107 2499 ut
1126 2436 1237 2501 visum

140 2540 306 2604 nonnullis
320 2547 403 2616 crat,
418 2537 477 2622 qni
491 2542 678 2621 postremos
697 2535 784 2601 duos
800 2534 955 2621 Hymnos
977 2535 1019 2599 de
1036 2535 1151 2600 Natali
1165 2534 1238 2603 Do-

140 2641 234 2718 mini,
249 2640 340 2705 etde
356 2638 559 2722 Epiphania,
575 2638 727 2722 acetaria
742 2635 919 2721 sejunctos,
934 2643 1012 2720 post
1022 2633 1239 2719 Peristepba·

140 2762 205 2807 non
221 2740 427 2826 rejiciebant.
451 2736 704 2805 Cathemerinon
718 2737 849 2821 excipit
868 2738 1133 2821 Peristepbanon
1144 2738 1239 2817 liber,

142 2842 393 2927 quatuordecim
420 2840 578 2926 Hymnus
603 2841 843 2925 complectens,
869 2840 923 2904 cui
947 2847 1034 2905 recte
1058 2839 1240 2909 Praefatio:

142 2944 326 3011 ‘lmmolat
348 2944 424 3009 Deo
454 2939 569 3020 Patri:
590 2946 652 3007 811.
678 2941 874 3026 praefigitur,
898 2961 1000 3025 quam
1031 2942 1090 3006 alii
1112 2943 1147 3017 in
1172 2940 1239 3006 fine

142 3066 291 3139 operum,
314 3053 353 3112 nt
373 3044 495 3123 Aldus,
518 3045 576 3111 alii
598 3047 684 3110 inter
706 3044 960 3127 Symmachicos
981 3044 1089 3108 libros
1104 3050 1138 3108 et
1154 3043 1241 3128 Dip-

141 3149 278 3235 tycbon,
293 3146 353 3213 alii
369 3148 463 3213 aliter
477 3147 647 3212 locabant.
692 3144 847 3229 Sequitur
856 3143 1073 3230 Apotheosis,
1082 3150 1151 3211 turn
1168 3142 1241 3211 Ha·

142 3252 350 3334 martigenia,
370 3270 447 3333 qnae
472 3248 506 3312 in
535 3248 690 3312 omnibus
717 3246 818 3311 ferme
847 3246 948 3311 codd.
976 3246 1028 3311 illi
1057 3247 1241 3327 attexitnr3

144 3352 285 3438 ejusque
299 3351 404 3417 veluti
420 3370 499 3433 pars
513 3347 688 3413 manifeste
701 3348 931 3413 constituitur:
945 3347 1023 3412 hinc
1033 3346 1243 3433 Psychoma·

144 3453 233 3533 chia,
257 3473 278 3519 a
302 3474 371 3537 qua
392 3450 567 3516 Editiones
590 3450 719 3534 aliquot
744 3451 936 3515 universum
956 3451 1132 3516 Prudentii
1153 3471 1242 3536 opus

143 3562 232 3622 recte
257 3556 369 3620 minus
391 3552 665 3636 auspicabantur.
709 3551 902 3620 Succedunt
931 3554 1006 3618 inde
1034 3554 1103 3619 duo
1127 3560 1243 3621 contra

145 3655 380 3742 Symmachum
402 3653 489 3733 libri,
511 3655 635 3738 quibus
655 3659 779 3737 praeter
798 3654 906 3739 ipsius
930 3655 1124 3738 Symmachi
1139 3654 1243 3722 Rela-

144 3760 280 3837 tionem,
294 3757 461 3841 egregiam
475 3776 609 3842 quoqne
632 3757 668 3823 S.
683 3754 855 3822 Ambrosii
872 3755 1140 3823 confutationem
1154 3778 1243 3843 prae·

144 3861 318 3937 mittimus,
339 3867 439 3943 prout
458 3866 603 3945 utraque
616 3862 660 3927 ab
687 3860 949 3926 accuratissimis
969 3859 1006 3925 S.
1029 3859 1142 3926 Mauri
1164 3861 1252 3926 Μο·Ι

146 3961 263 4026 nachis
285 3961 377 4027 edita
400 3970 473 4043 est3
505 3966 568 4029 rati
599 3965 778 4049 plurimum
808 3981 851 4027 ea
879 3962 1027 4027 conferre
1057 3963 1101 4028 ad
1125 3962 1242 4031 borum

150 4063 270 4130 Poetae
281 4064 441 4130 librorum
451 4065 713 4150 intelligentiam.
749 4064 913 4132 Ultimum
925 4064 1059 4132 tandem
1069 4064 1243 4153 Diptycho
