2752 4674
659 490 714 542 An

439 699 941 783 SE’RElesrituUM

211 947 1161 1067 DELPHINUM

354 1225 642 1294 STEPHANUS
679 1227 1019 1314 CHAMILLARD,
1086 1245 1088 1251 ’

572 1423 687 1474 usco.
704 1423 797 1476 raso.
868 1393 885 1488 g

532 1664 837 1684 n-d-—n--fl--d

531 1686 835 1711 ῃ

137 1881 261 1972 Aaou
276 1915 363 1972 aetas
378 1907 449 1983 illa,
464 1904 657 1970 Purscurs
672 1905 946 1982 Suausissrus,
962 1926 1040 1991 quac
1058 1913 1090 1973 ts
1107 1911 1235 1992 ingeni-

135 2028 199 2072 osa
211 2010 386 2072 Musarum
398 2009 484 2072 inter
493 2007 679 2084 mendacia,
689 2014 724 2071 et
734 2006 851 2072 dulces
861 2008 1003 2074 eruditae
1012 2010 1163 2092 pucritiae
1175 2032 1234 2075 nn-

136 2128 197 2189 gas
209 2109 389 2174 detinebat
411 2107 500 2173 Satis
510 2106 659 2192 profanae
670 2109 830 2174 hactenus
843 2109 1002 2188 historiar,
1013 2130 1054 2176 ac
1069 2111 1234 2176 fabulosis

135 2208 250 2274 datum
263 2209 427 2273 heroibus.
472 2207 601 2273 Vidisti
624 2228 728 2273 nuum
749 2209 817 2274 illis
832 2211 1002 2290 omnibns,
1018 2212 1083 2276 etsi
1098 2211 1235 2276 cothur-

135 2311 223 2375 natis
253 2319 289 2381 et
317 2311 360 2376 ad
383 2309 568 2375 faciendam
592 2311 842 2376 admirationem
864 2329 985 2394 magna
1008 2312 1234 2396 prodigiorum

134 2413 223 2477 mole
238 2413 437 2492 succinctis,
450 2412 631 2495 majorem:
654 2431 730 2476 cum
752 2413 982 2478 Lunovrcura
999 2430 1113 2479 revera
1128 2411 1235 2476 Muc-

137 2531 221 2580 κου
237 2513 371 2596 vidisti3
395 2522 430 2578 et
449 2514 515 2578 hoc
537 2531 605 2576 uno
621 2511 708 2578 duce
724 2517 758 2577 et
772 2515 930 2596 magistro
945 2514 1138 2592 instructus,
1153 2515 1234 2579 mis·

135 2634 193 2680 sos
207 2613 358 2678 Achilles
372 2631 414 2676 nc
425 2611 579 2677 Caesares
592 2610 703 2676 facere
717 2614 870 2695 potuisti.
917 2614 1017 2678 Nunc
1032 2613 1234 2679 Christianis

135 2711 262 2792 Musis,
278 2713 478 2778 Christianis
492 2712 646 2776 heroibus
660 2712 759 2777 locus
773 2719 843 2778 est:
869 2712 1153 2798 quemadmodum
1167 2715 1235 2798 pri·

135 2836 212 2882 ores
225 2835 316 2881 nnnc
332 2815 448 2879 sibiet
463 2814 614 2897 potiores
629 2813 865 2878 inLunovrcl
883 2815 1018 2879 Mscru
1035 2815 1106 2879 vita
1119 2825 1234 2900 partes

136 2918 247 3004 pietas
263 2925 298 2983 et
311 2918 426 3000 religio
439 2916 620 2981 vindicant.
664 2913 726 2980 Ille
741 2916 834 2980 orbis
848 2923 961 2995 terror,
984 2915 1128 2999 Europae
1147 2918 1235 2981 arbi·

135 3026 199 3098 ter,
226 3019 367 3083 hostium
393 3018 512 3094 victor,
542 3022 623 3101 post
652 3017 876 3101 amplificatos
904 3018 996 3101 regni
1022 3017 1119 3094 fines,
1156 3024 1236 3100 post

136 3119 279 3186 fractum
301 3118 461 3204 quicquid
483 3119 672 3198 obstiterat,
699 3119 881 3184 constituta
899 3118 965 3183 late
986 3137 1047 3203 per
1062 3119 1234 3202 Europam

136 3239 236 3304 pace,
250 3221 328 3303 ipsa
342 3220 497 3285 Victoria
511 3228 548 3285 et
562 3219 799 3305 sama,propter
812 3228 1097 3302 rerumgestarum
1107 3220 1234 3302 magni·

137 3322 284 3388 tudinem
307 3323 406 3406 quasi
428 3322 589 3404 fatigatis,
615 3321 746 3386 tandem
761 3323 794 3386 iu
815 3321 850 3386 id
864 3323 1015 3386 incubuit
1029 3324 1065 3386 ut
1081 3319 1235 3385 haeresim

137 3422 343 3507 profligaret,
353 3431 538 3489 monstrum
546 3422 628 3488 illud
638 3424 926 3501 immanissimum,
941 3423 1039 3507 cujus
1054 3422 1170 3487 afflatu
1185 3420 1236 3485 di-

138 3524 274 3590 rissimo
299 3525 425 3589 violata
447 3524 559 3606 legum
576 3524 762 3591 divinarum
777 3533 809 3589 et
823 3525 1042 3590 humanarum
1059 3524 1234 3599 sanctitas,

141 3624 305 3709 Majcstns
318 3645 432 3708 regum
446 3625 593 3708 abjecta,
607 3628 803 3710 populorum
819 3627 928 3691 scissa
942 3624 1132 3699 concordia,
1153 3623 1235 3688 Gal-

139 3727 206 3793 lica
219 3747 273 3792 res
287 3745 386 3811 paene
403 3727 438 3790 in
456 3727 607 3791 ultimum
630 3726 808 3792 discrimen
828 3726 973 3791 adducta
987 3724 1106 3788 iuerat.
1151 3724 1236 3806 Dig-

140 3846 217 3891 num
232 3828 297 3892 hoc
311 3826 362 3892 illi
378 3829 487 3892 visum
502 3833 563 3905 est,
578 3826 669 3912 quod
686 3827 907 3891 Lunovrcus
923 3828 1102 3904 Macros,
1116 3833 1152 3889 ut
1165 3824 1236 3889 effi·

141 3948 216 3994 cere
231 3934 363 4012 poterat
381 3929 483 4006 solus,
508 3929 555 3993 ita
580 3930 671 3993 solus
692 3929 876 4012 perficeret.
919 3929 1150 3993 Tentaverant
1170 3926 1233 3991 hoc

142 4031 228 4095 idem
256 4030 427 4095 chricns
448 4029 607 4113 Magnus,
630 4029 824 4095 [rudovicus
839 4029 862 4096 J
865 4037 969 4108 ustus,
984 4037 1018 4094 et
1033 4029 1090 4093 alii
1106 4027 1234 4092 Gallia·

206 4146 294 4211 Deiph.
305 4151 329 4196 ct
342 4146 398 4199 Ver.
410 4147 475 4198 Cina.
644 4147 763 4197 Prudest.
1145 4142 1169 4191 Α
