2752 4674
494 303 655 360 tuntum
680 306 892 361 PRUDEN'l'll

315 455 429 520 Laude
445 455 512 519 Dei
527 455 676 518 redimita
691 473 816 518 comas.

359 556 459 635 Quod
474 574 633 638 generosa
648 561 763 638 potest
777 556 898 633 anima,

316 658 418 723 Lucis
431 664 464 722 et
478 657 607 721 aetheris
624 657 789 739 indigena,

315 761 452 825 Solvere
468 760 596 842 dignius
612 761 821 842 obsequium,

315 863 424 942 Quam
442 862 522 926 data
535 882 670 925 munera
682 863 712 925 si
725 864 851 926 recinat

313 963 484 1028 Artificem
498 964 668 1028 modulata
683 966 805 1026 suuml

358 1065 439 1148 Ipse
454 1065 577 1129 bomini
593 1065 673 1147 quia
688 1072 808 1127 cuncta
824 1064 924 1140 dedit,

315 1167 567 1250 Quaecapimus
583 1167 775 1230 dominante
792 1186 902 1243 mauu,

314 1269 400 1348 Quae
415 1271 526 1352 polus,
538 1276 596 1333 aut
611 1270 743 1346 humus,
760 1274 817 1332 etit
830 1268 978 1352 pelagus,

315 1371 416 1448 Aere,
431 1371 566 1452 gurgite,
583 1391 656 1434 mre
672 1376 806 1450 creaut3

313 1473 401 1538 Haec
415 1473 497 1537 mihi
513 1473 673 1550 subdidit,
688 1479 723 1537 et
736 1474 801 1536 sibi
817 1493 878 1537 me.

355 1574 505 1639 Callidus
520 1575 680 1657 illaqueat
695 1574 850 1638 volucres

312 1676 382 1742 Aut
396 1678 528 1760 pedicis
539 1677 646 1741 dolus'
655 1685 714 1742 aut
728 1677 888 1741 maculis:

314 1778 407 1842 Illita
420 1779 544 1860 glutine
559 1780 703 1843 corticeo

312 1878 449 1942 Vimina
463 1880 677 1962 plumigeram
693 1881 811 1942 seriem

313 1981 518 2062 Impediunt,
535 1986 568 2044 et
583 1981 674 2043 abire
689 1986 810 2044 vetant.

355 2079 445 2143 Ecce
461 2101 521 2162 per
536 2100 674 2163 aequora
683 2082 880 2162 fluctivagos

311 2183 420 2247 Texta
434 2203 547 2265 greges
561 2185 695 2247 sinuosa
709 2183 863 2246 trabunt:

314 2284 425 2350 Piscis
438 2287 515 2349 item
531 2285 682 2368 sequitur
697 2284 874 2360 calamum,

141 2481 190 2532 Dei
200 2482 316 2531 laudibus.
350 2483 473 2537 Quodnam
488 2482 591 2530 debitum
607 2482 693 2530 rectius
708 2487 785 2545 potest
801 2483 888 2529 soluere
905 2481 988 2529 nobilis
1005 2482 1092 2540 asinus,
1103 2488 1127 2530 et
1137 2482 1235 2530 smum

140 2549 256 2608 arigium
274 2563 289 2593 c
305 2547 354 2594 lucc
372 2552 395 2594 et
411 2548 475 2604 coeio,
493 2561 561 2618 quium
578 2547 608 2606 si,
627 2547 741 2594 budnndc
757 2560 824 2594 suum
841 2545 974 2608 beneficmu,
990 2552 1106 2594 recenseat
1123 2545 1233 2619 beneficio

139 2617 241 2674 acceptu.
275 2610 340 2657 Num
351 2611 536 2658 Deincoucessit
551 2609 680 2656 uminum
694 2609 779 2668 omnin,
795 2623 846 2669 qum
863 2611 943 2656 calum
960 2610 1046 2658 cruittit
1062 2626 1092 2658 ex
1110 2610 1175 2671 nire,
1191 2615 1233 2657 aas

141 2679 206 2722 terro
227 2689 257 2723 cx
273 2674 349 2733 agris,
367 2677 408 2720 cut
425 2687 489 2720 mnrc
506 2688 518 2720 e
536 2672 642 2732 gurgite.
678 2672 740 2719 Hoec
754 2643 837 2720 calueto
855 2672 952 2730 cubent
967 2674 1034 2735 mibi,
1051 2688 1088 2722 me
1105 2689 1159 2723 oerc
1178 2673 1234 2722 sibi.

140 2738 212 2786 Nunc
222 2743 301 2786 ulain
312 2737 401 2797 srcsdc
419 2736 522 2798 cupimus
537 2751 591 2784 noes
608 2751 650 2784 scu
667 2737 756 2798 baucis
772 2751 813 2785 seu
828 2737 932 2793 retibuu
948 2753 1009 2786 nuuc
1025 2738 1138 2798 nisgullis
1154 2738 1234 2786 oblitis

138 2801 322 2850 oiscoecorticc
340 2800 483 2863 implicamus
504 2806 578 2848 totum
596 2801 679 2849 semem
696 2802 822 2860 octauum,
840 2815 881 2849 uec
899 2801 999 2849 sinimus
1017 2800 1128 2863 cffugm.
1161 2803 1235 2850 Nunc

139 2864 240 2914 mosis
264 2865 352 2914 rctibm
368 2865 522 2913 mirabuntur
538 2865 611 2927 pisces
630 2869 736 2914 mantes
753 2880 796 2928 per
814 2879 893 2912 mcre:
912 2879 1004 2914 rarsum
1021 2865 1064 2913 ulii
1073 2866 1148 2928 pisces
1159 2867 1234 2915 mda-

596 3024 773 3045 omo

139 3133 195 3181 Art.
216 3132 253 3182 sic
264 3147 321 3182 cnm
334 3133 393 3181 Vat.
410 3131 468 3182 cod.
481 3132 639 3194 interpungit
650 3132 699 3181 Ed.
712 3132 798 3182 Purm.
807 3145 881 3182 secus
893 3146 923 3181 sc
936 3132 1026 3183 Heius.
1037 3137 1065 3182 et
1074 3132 1236 3184 Uellau-dd

633 3278 739 3327 NOTA:

167 3389 553 3452 aaAEcuerisiudigenc10uae
575 3390 661 3438 coelcs·
704 3403 723 3436 1.
744 3393 801 3437 304.
828 3390 918 3438 ‘Tunc
941 3389 1043 3452 gruibus
1065 3390 1182 3479 pedicas,
1204 3399 1233 3444 et

136 3472 189 3516 lem
210 3466 287 3514 babet
303 3466 434 3528 originem
466 3466 584 3514 ,luncu‘
598 3466 660 3514 Scu-
703 3467 872 3527 reunpoucrc
883 3464 985 3514 cervis

135 3556 191 3593 sum
214 3557 230 3591 s
251 3541 350 3590 coelesti
376 3540 511 3588 demissum
537 3540 661 3590 traximus
732 3545 763 3590 «1³
784 3541 885 3590 Glniiue
910 3541 1021 3603 corticeo]
1044 3540 1134 3598 Viaco,
1161 3545 1230 3607 qnod

135 3618 215 3668 arce!
700 3615 731 3665 fit
749 3623 836 3665 autex
856 3616 996 3665 corticibus
1012 3617 1173 3681 quarundam
1191 3634 1231 3669 ιι·-

165 3698 198 3744 8⁴
214 3690 425 3754 Munerareciuut]
441 3690 596 3742 luxtaillud
609 3692 661 3742 Ge·
701 3694 799 3755 bouum,
822 3701 866 3742 aut
887 3692 956 3756 quod
979 3693 1008 3741 iis
1033 3694 1175 3743 innascitur
1197 3710 1230 3746 es

135 3785 189 3819 nes.
219 3770 380 3818 ‘Faciamus
405 3769 531 3817 homiuem
550 3768 582 3816 ad
600 3768 660 3818 imi·
701 3777 815 3820 stercore
837 3767 980 3817 turdorum.
1008 3768 1081 3831 Virg.
1101 3770 1198 3835 θοοῖς.
1210 3786 1232 3821 1.

134 3847 220 3908 ginem
238 3851 267 3893 ct
284 3844 474 3893 similitudinem
493 3854 614 3906 uestram,
633 3852 659 3894 et
700 3847 792 3896 ‘Tunc
811 3844 910 3908 laqueis
927 3853 1034 3909 captare
1051 3843 1132 3909 fctus,
1143 3853 1170 3897 et
1181 3847 1231 3897 fnl-

132 3920 221 3985 praesit
237 3918 350 3982 piscibus
367 3921 455 3981 muris,
472 3928 499 3970 ct
511 3921 658 3970 volatilibus
700 3920 755 3969 lere
767 3918 855 3968 visco!

134 3996 238 4057 coelici
249 3995 339 4042 bestiis
350 3995 475 4046 univemae
489 3997 584 4046 terra!
730 4000 762 4046 47
782 3994 973 4058 Tectosiunosu]
989 3995 1065 4045 Retia
1081 4011 1156 4061 quem
1174 3999 1230 4061 plo·

164 4073 197 4122 42
214 4067 658 4135 duipcdicisJNempclsqueis,qui·
699 4071 778 4122 timos
802 4071 873 4120 sinus
896 4070 1029 4135 habentis,
1052 4079 1176 4124 contexti
1195 4090 1229 4126 cx

133 4151 181 4200 bui
192 4146 358 4211 implicantur
368 4145 456 4209 pedes.
473 4146 547 4211 Vicg.
560 4146 657 4210 Georg.
699 4146 814 4197 cannabe
825 4153 871 4197 sut
882 4146 944 4196 liuo.
