2752 4674
283 759 708 855 TESTIMONIA
741 757 1083 851 VETERUM

664 1048 713 1096 DE

460 1282 906 1363 PRUDENTIO.

294 1763 490 1831 Gennadius
505 1764 539 1827 in
555 1764 708 1845 catalogo
723 1761 868 1826 virorum
883 1761 1075 1827 illustrium.

136 1867 415 1967 Pnunnurrus
442 1890 491 1953 vir
516 1888 689 1953 saecularis
712 1888 896 1953 literaturae
912 1888 1073 1967 eruditus,
1093 1908 1233 1973 compo·

135 1993 201 2056 suit
216 1991 408 2074 Diptycbon
431 1991 473 2055 de
496 1989 617 2054 Veteri
644 1994 679 2052 et
702 1987 804 2053 Novo
828 1988 1060 2068 Testamento,
1080 1992 1235 2075 personis

135 2093 305 2176 exceptis.
329 2091 581 2157 commentatus
592 2099 644 2155 eat
655 2097 687 2154 et
698 2091 732 2154 iu
747 2111 869 2156 morem
881 2093 1077 2158 Graecorum
1094 2091 1235 2157 Hexa'e·

134 2193 303 2258 meronda
327 2195 444 2259 mundi
464 2194 721 2277 fabricn,usque
745 2193 787 2257 ad
811 2196 1040 2259 conditionem
1066 2195 1162 2278 primi
1177 2195 1235 2259 bo·

133 2295 244 2373 minis,
259 2303 293 2360 et
302 2297 617 2381 praevaricationem
629 2295 715 2379 ejus.
732 2293 931 2378 Composuit
941 2296 1134 2374 etlibelios,
1147 2315 1233 2379 quos

133 2395 258 2463 Graeca
276 2400 501 2482 appellatione
526 2397 758 2483 praetitulavit,
781 2396 1000 2481 Apotheosis,
1027 2397 1234 2483 Psychoma-

134 2498 220 2576 chia,
244 2498 511 2583 Hamartigeniu,
534 2500 557 2564 i.
577 2512 610 2563 'e.
638 2498 679 2562 de
703 2498 888 2576 divinitate,
911 2498 952 2562 de
976 2500 1234 2582 compugnantia

134 2601 249 2677 animi,
265 2600 306 2664 de
321 2601 447 2684 origiue
461 2607 689 2685 peccatorum.
737 2600 831 2665 Fecit
851 2608 884 2665 et
900 2603 932 2665 in
953 2601 1088 2665 leudem
1104 2600 1233 2686 Marty-

134 2720 218 2776 rum,
232 2702 294 2765 sub
311 2702 497 2785 aliquorum
510 2703 713 2781 nominibus,
736 2705 964 2768 invitatorium
979 2703 1022 2767 ad
1037 2704 1233 2788 martyrium

132 2801 252 2866 librum
268 2824 380 2882 unuin,
395 2812 431 2869 et
445 2803 657 2889 Hymnorum
669 2806 820 2869 alterum.
866 2805 1013 2889 Speciuli
1027 2811 1140 2870 tamen
1152 2827 1232 2872 con·

133 2902 257 2969 ditione
283 2905 445 2972 adversus
470 2906 720 2990 Symmachum,
741 2906 965 2971 idololatriam
992 2906 1234 2986 defendentem,

134 3006 220 3072 duos
235 3006 334 3073 laude
349 3008 562 3092 dignissimos
583 3008 688 3073 libros
712 3009 904 3092 compegit:
933 3028 978 3074 ex
1002 3029 1140 3094 quorum
1162 3010 1233 3076 lec·

134 3108 225 3173 tione
241 3109 432 3192 agnoscitur
447 3104 623 3175 Palatinus
638 3110 733 3174 miles
749 3109 865 3174 luisse.

317 3260 475 3325 Sidonius
491 3259 710 3345 Apollinaris.
746 3259 820 3323 Lib.
836 3279 874 3324 rr.
890 3261 998 3345 Epist.
1014 3262 1046 3327 9.

183 3376 267 3440 Nam
283 3378 401 3442 similis
422 3379 573 3443 scientiae
594 3379 668 3454 riri,
690 3377 765 3442 binc
781 3378 1001 3462 Augustinus,
1014 3379 1091 3445 binc
1106 3379 1229 3462 Varro,

132 3479 209 3544 binc
224 3478 402 3555 Horatius,
417 3478 494 3543 binc
514 3478 717 3543 Prudentius
739 3479 986 3546 lectitabantur.
1031 3481 1128 3559 Quos
1150 3486 1234 3552 inter

134 3577 358 3645 Adamantius
373 3578 533 3661 Origenes
546 3579 709 3646 Turranio
727 3579 853 3646 Rufino
864 3583 1100 3667 interpretatus
1115 3585 1233 3653 sedulo

134 3680 211 3747 fidei
225 3690 350 3749 nostrae
365 3681 549 3747 lectoribus
563 3680 817 3764 inspiciebatur.

436 3829 589 3897 Alcimus
603 3828 727 3898 Avitus
742 3831 908 3916 poemate.

222 3949 290 4015 Hae
307 3950 436 4014 virtutis
448 3970 541 4033 opes,
556 3950 610 4015 bae
624 3959 706 4014 sunt
720 3951 844 4016 solatia
859 3952 950 4030 belli,

223 4052 310 4131 Quis
324 4051 462 4118 dubium
473 4052 634 4120 adversus
648 4056 765 4121 mentis
779 4075 853 4122 cum
869 4074 1009 4140 corpore
1023 4056 1146 4124 bellum
