2752 4674
578 327 784 377 renuntio.
1185 310 1229 375 ll

138 476 183 540 ris
193 478 295 539 antea
309 472 454 557 scripsit,
469 472 525 538 rel
538 489 604 536 non
612 471 793 553 evulgavit,
802 472 855 536 vel
868 474 920 537 its
934 473 1045 557 potnit
1059 491 1229 552 revocare,

137 580 174 641 nt
186 575 231 643 sd
243 581 397 660 posteros
418 593 486 639 non
507 575 698 640 transirent.
741 571 799 637 Ad
822 573 895 639 hmo
909 574 1011 640 Prsei.
1027 576 1064 640 in
1077 574 1230 642 (lathem.

136 696 187 740 rs.
207 675 263 742 36.
287 683 413 761 etseq.
437 695 478 741 se
501 694 578 740 cum
602 675 728 740 meritis
746 681 901 758 nequeat,
923 696 1011 743 voce
1031 679 1163 757 saltem
1180 697 1227 744 ac

138 774 284 862 Hymnis
296 777 370 843 dies
384 786 571 862 noctesque
585 778 696 843 Deum
707 778 953 843 celebraturum
965 781 1126 864 spondet:
1149 799 1229 845 con·

137 886 188 943 tre
201 877 365 945 Haereses
382 899 539 964 pugnare,
558 879 764 945 catholicam
784 880 869 946 tueri
892 880 1019 959 Fidem,
1042 880 1230 966 Apostolos

137 979 370 1067 llsrtyresque
382 983 540 1048 laudibus
553 984 711 1068 prosequi
725 1002 735 1064 ς
757 990 860 1068 etque
871 983 915 1049 iis
928 1003 1054 1061 vacans
1066 985 1230 1069 reliquam

136 1083 238 1150 situm
252 1085 424 1150 uuducere
438 1086 473 1152 in
487 1087 577 1151 votis
593 1086 660 1150 sibi
674 1104 752 1151 esse
766 1088 916 1152 testetur.
959 1086 1003 1151 Id
1017 1092 1053 1152 ut
1067 1086 1131 1151 rite
1144 1105 1230 1170 prae-

136 1189 247 1264 staret,
273 1203 444 1251 sacremm
473 1187 672 1266 Litererum,
709 1206 887 1271 rerumque
914 1186 1229 1253 Ecclesiasticerum

136 1285 250 1352 studio
261 1293 372 1352 totum
385 1308 424 1354 se
437 1288 547 1372 dedit;
569 1295 669 1375 atque
689 1309 731 1356 eo
755 1290 892 1374 quidem
906 1309 1082 1369 successu,
1092 1294 1131 1355 ut
1143 1290 1231 1354 inter

136 1384 301 1477 Ecclesite
313 1389 448 1470 Patres,
461 1391 620 1480 virosque
631 1391 823 1476 Theologos
838 1393 1046 1459 annumerari
1060 1392 1230 1468 meruerit,

136 1495 240 1572 atque
258 1489 295 1554 in
308 1509 407 1557 mern
419 1510 486 1557 non
499 1493 621 1572 minus,
642 1513 744 1579 quam
762 1495 903 1579 proserta
915 1494 1102 1561 eruditione
1116 1510 1230 1560 versa·

136 1587 289 1656 tissimus
300 1592 485 1659 hebetetur.

177 1691 247 1757 Sed
261 1695 350 1779 quod
363 1696 471 1780 magis
495 1696 608 1775 refert,
626 1696 793 1762 interioris
816 1695 964 1763 hominis
990 1694 1230 1771 reformationi,

136 1790 403 1879 christianisque
431 1797 608 1863 vinntibns
644 1797 881 1881 comparandis
920 1794 1230 1879 conservandisque

136 1910 265 1958 summo
280 1895 396 1962 studio
410 1896 572 1981 deinceps
593 1899 785 1963 incubuisse
806 1898 1018 1983 expluribus
1040 1898 1115 1983 ejus
1138 1896 1230 1981 Ope-

136 2013 204 2061 rum
229 1996 318 2062 locis
339 2018 406 2065 non
427 2000 568 2065 obscure
589 1999 764 2082 colligitur.
808 1997 895 2064 (inm
921 2000 1050 2084 optime
1073 2006 1231 2064 nosceret

136 2098 228 2165 nulle
236 2099 348 2166 aliare
361 2101 467 2185 magis
477 2101 643 2167 hominem
655 2101 731 2167 Deo
740 2100 975 2185 propinquare,
990 2118 1089 2184 quam
1100 2100 1231 2164 sincera

137 2201 238 2265 animi
263 2200 482 2282 demissione,
503 2203 589 2270 hanc
612 2203 646 2268 in
670 2203 789 2287 primis
814 2202 987 2286 consequi,
1010 2202 1046 2265 in
1070 2219 1177 2285 eoque
1192 2220 1232 2266 se

137 2301 300 2366 stabiliter
314 2303 490 2388 solideque
502 2304 641 2371 inlidere
662 2303 792 2388 sategit.
835 2303 1117 2384 Quibuscumqne
1130 2302 1167 2366 in
1181 2301 1232 2368 lo-

138 2402 187 2467 cis
200 2402 247 2467 de
260 2422 297 2467 se
318 2404 397 2488 ipso
410 2406 612 2474 mentionem
626 2406 720 2484 iacit,
734 2423 804 2470 non
826 2403 924 2469 uliter
937 2422 979 2468 ac
994 2403 1036 2468 de
1050 2409 1232 2486 peccmore

136 2499 298 2588 loquitur,
312 2503 544 2590 indignumque
559 2526 597 2572 se
615 2526 692 2573 esse
705 2505 826 2584 dicit,²¹
841 2524 943 2590 quem
958 2502 1111 2570 Christus
1124 2522 1231 2569 exau·
1257 2496 1262 2505 “

139 2602 243 2670 diut⁸²
262 2606 309 2670 ob
331 2606 480 2685 crimine,
502 2607 627 2692 quibus
648 2607 772 2672 dimum
795 2606 871 2690 ejus
886 2606 1034 2691 justitiae
1049 2606 1230 2672 obstrictus

138 2709 273 2772 tenetur.
318 2707 412 2773 Hinc
439 2706 626 2793 frequenter
650 2705 831 2773 admodum
854 2713 933 2772 unte
958 2706 1024 2771 SS.
1045 2705 1231 2791 Martyrum

140 2921 180 2972 Pii
196 2935 227 2972 tr.
239 2922 272 2972 sd
289 2923 409 2974 carolum
428 2923 582 2989 cyprianum
594 2922 664 2988 epod
702 2937 753 2989 que
780 2921 944 2975 obfuscatum
963 2919 1057 2971 infelix
1083 2921 1232 2971 mortalium

139 2996 265 3060 lieynsld.
282 3013 324 3048 en.
340 3002 413 3049 latit.
431 2998 553 3051 Pilius.
572 3000 598 3048 in
612 3013 665 3064 qus
703 3014 794 3063 genus.
827 2998 869 3049 De
881 3012 968 3048 amore
979 2997 1138 3062 igitur,qnn
1150 2997 1232 3060 scrip·

139 3072 175 3123 sie
193 3073 323 3139 loquitari
340 3073 507 3125 ‘Tractatum
524 3075 558 3125 de
576 3089 664 3126 emere
703 3076 784 3126 simus
801 3075 863 3125 olim
881 3075 1002 3139 juvenes,
1026 3071 1193 3132 contemnite,
1215 3088 1232 3122 o

139 3145 294 3215 οῑίιιίοιιιιι,
301 3151 452 3218 pariterque
460 3158 537 3202 stete
543 3152 664 3216 juvenes,
703 3151 835 3216 merenies,
849 3158 928 3217 atque
945 3151 1076 3217 respuite:
1095 3150 1234 3215 sequimini

139 3239 196 3276 cum
206 3241 253 3277 nos
268 3227 400 3292 scripsisse
415 3230 562 3290 recolimus,
573 3228 664 3279 cerole
705 3242 761 3292 quse
784 3241 852 3278 nunc
871 3218 997 3289 dicimus3
1021 3232 1049 3276 et
1067 3225 1124 3275 seui
1142 3225 1234 3289 magis,

139 3300 176 3353 tili
193 3303 240 3353 dii.
257 3306 411 3368 punitentia
428 3321 479 3355 non
498 3307 607 3370 modies,
618 3321 665 3371 po·
703 3316 779 3367 quesn
792 3301 885 3366 juveni
902 3301 1020 3362 creditu
1036 3313 1085 3349 nes
1102 3298 1233 3363 privatum

85 3415 90 3425 .
139 3378 238 3444 domne
254 3394 285 3430 se
304 3394 397 3431 muror-
417 3382 531 3432 enimum
549 3390 664 3433 nocuum
704 3378 831 3429 homiuem
851 3379 930 3443 pluris
949 3377 1127 3440 iecite,quam
1141 3374 1234 3426 Ponti·

139 3455 306 3504 venementer
323 3456 485 3519 excrucient,
502 3458 599 3523 quippe
621 3458 666 3523 qui
703 3454 790 3518 licem,
806 3453 914 3504 AEneam
931 3451 1041 3517 rejicite,
1057 3450 1133 3501 Pium
1153 3451 1234 3501 susci·

140 3529 260 3591 sciemus,
276 3529 372 3595 quique
391 3532 529 3595 protestati
543 3546 666 3596 expresse
705 3530 777 3596 pite.'
807 3530 839 3581 Id
855 3529 958 3596 politice
976 3528 1170 3593 renapnditis
1186 3527 1233 3579 do·

138 3600 243 3666 inimus,
260 3603 312 3654 deo
329 3607 459 3657 contueri
477 3607 504 3658 ln
519 3623 552 3659 eo
569 3609 667 3673 libello,
704 3615 826 3658 eumento
836 3621 893 3657 esse
910 3613 1007 3671 potest,
1016 3612 1178 3672 quantopere
1189 3618 1233 3654 cs-

138 3687 256 3744 tpsrtsm
271 3681 403 3746 videlicet,
413 3682 460 3733 aed
475 3684 666 3747 heu,lascirsrn
705 3700 766 3737 rere
782 3686 906 3748 debeant,
917 3698 951 3734 ne
969 3697 1079 3746 uuquam
1094 3679 1128 3730 ad
1144 3680 1233 3744 liujus·

139 3757 222 3821 ιίιιίι,
240 3759 451 3825 prurientemque
475 3762 568 3811 umoris
586 3761 667 3813 histo·
704 3761 774 3812 modi
785 3759 973 3813 conscribenda
982 3758 1075 3820 stylum
1090 3771 1233 3807 accommo-

139 3835 219 3897 ris-3
233 3840 264 3885 et
283 3836 389 3900 morsis,
410 3836 478 3903 qood
499 3853 556 3888 sem
578 3853 667 3890 conse·
704 3837 778 3901 dest,
789 3845 835 3889 stt
850 3837 940 3886 ssltsm
951 3847 984 3884 ne
999 3831 1165 3906 divulgentur
1182 3833 1234 3882 slis

138 3910 238 3974 quitur,
261 3909 393 3961 edificans
420 3914 531 3976 dogma:
558 3928 665 3980 qnorum
705 3911 977 3977 rationeperntittant.

138 3984 247 4048 prinum
263 3985 349 4036 fatuos
364 3993 443 4053 atque
458 3996 574 4038 errantes
591 3989 667 4039 rideo
737 3992 769 4039 at
786 3986 884 4052 Apolli.
896 4000 932 4039 ss.
942 3991 1000 4037 tlt.

138 4062 233 4113 sectari
252 4063 463 4128 qnemplnrimos,
478 4065 598 4122 alterum,
616 4064 667 4114 lieu
737 4068 770 4115 22
785 4062 881 4114 Periit.
891 4062 987 4132 Hymn.
998 4075 1029 4114 st.
1039 4066 1096 4114 tit.
1107 4068 1135 4112 et
1145 4075 1219 4126 seqq.

139 4137 666 4205 doior,pauensllos,ltadeprirstumet-
