2752 4674
554 681 702 730 ·Dn

255 933 511 1026 METRIS
562 921 1099 1018 PRUDENTIANIS.

527 1212 830 1227 w

132 1439 315 1528 Gnnnnn
331 1467 521 1537 metrorum,
536 1458 658 1541 quibus
673 1453 877 1519 Prudentius
892 1454 924 1516 in
949 1450 1080 1534 hymnis
1103 1446 1231 1512 Praefa-

132 1562 350 1645 tionibnsque
365 1578 449 1623 usus
464 1565 526 1636 est,
543 1564 621 1622 sunt
633 1556 872 1638 duodeviginti.
945 1645 949 1660 Ι

176 1711 329 1775 Primum
355 1729 477 1793 genus:
510 1715 547 1772 nt
575 1706 669 1791 praef.
697 1705 887 1771 Cathemer.
919 1723 996 1787 qnae
1020 1710 1074 1768 est
1096 1702 1233 1766 tricolos

136 1810 348 1894 tristropnos.
377 1809 510 1874 Primus
525 1810 667 1892 quisque
681 1826 801 1872 versus
816 1813 869 1870 est
884 1804 1139 1870 Choriamhicus
1153 1802 1236 1888 Gly-

136 1912 256 1976 conius
279 1913 425 1977 trimeter
447 1909 678 1974 acataleotus:
700 1913 859 1971 constans
884 1926 903 1969 e
929 1907 1105 1990 spondaeo,
1120 1904 1236 1970 Chori-

137 2014 249 2091 ambo,
270 2022 305 2077 et
323 2012 533 2097 Pyrrhichio.
578 2010 754 2076 Secundus
778 2010 1034 2074 Choriamhicus
1057 2007 1234 2092 Asclepia-

137 2112 224 2178 deos
250 2119 436 2179 tetrameter
462 2114 682 2179 acatalectns:
707 2113 767 2196 qui
793 2118 925 2177 constat
950 2132 969 2176 e
997 2111 1172 2195 spondaeo,
1201 2118 1236 2174 et

137 2214 270 2280 duobus
285 2215 505 2296 choriambis,
520 2223 553 2280 et
575 2216 781 2300 Pyrrhichio.
825 2215 960 2279 Tertius
982 2213 1235 2278 choriambicus

140 2315 300 2383 Alcaicus
318 2325 523 2402 pentameter
543 2320 774 2384 acataleotus:
798 2317 857 2401 qni
873 2322 1003 2381 constat
1024 2335 1042 2379 e
1062 2314 1235 2398 spondaeo,

139 2421 246 2483 tribus
261 2420 476 2497 choriambis,
490 2429 525 2484 et
538 2420 745 2503 Pyrrhichio.

184 2519 289 2585 Primi
305 2521 456 2602 generis:
479 2539 548 2584 una
562 2520 724 2587 Praefatio
740 2519 960 2585 Cathemerin.

184 2670 376 2735 Secundum
400 2690 521 2752 genus:
545 2677 581 2736 ut
604 2671 716 2756 hymn.
738 2672 770 2735 1.
796 2669 946 2735 Cathem.
966 2671 1025 2753 qui
1050 2677 1104 2733 est
1118 2688 1233 2734 mono·

143 2773 250 2838 colos.
297 2772 420 2836 Omnes
450 2791 567 2837 versus
597 2781 675 2838 sunt
699 2775 840 2838 iambici
868 2771 1075 2838 Archilochii
1109 2770 1238 2835 dimetri

143 2873 341 2954 acatalecti;
364 2881 558 2939 constantes
588 2895 607 2939 e
634 2881 774 2959 quatuor
799 2876 939 2940 iambis:
961 2881 1097 2958 recepto
1126 2879 1238 2937 tamen

143 2979 177 3041 in
191 2977 278 3041 locis
292 2976 475 3059 imparibus
491 2978 593 3042 etiam
608 2978 781 3062 spondaeo.

187 3077 331 3142 Secundi
346 3078 476 3158 generis
489 3099 497 3143 ε
509 3079 620 3164 hymn.
635 3081 667 3144 6.
690 3079 841 3144 Cathem.
853 3080 962 3161 hymn.
979 3079 1007 3141 l.
1023 3078 1054 3142 2.
1070 3076 1123 3140 11.
1139 3083 1173 3140 et
1188 3075 1241 3139 12.

146 3179 266 3244 Perist.
279 3179 388 3263 hymn.
401 3180 434 3243 2.
448 3187 483 3244 et
497 3181 529 3244 5.

189 3330 340 3394 Tertium
357 3349 479 3415 genus:
503 3336 540 3395 ut
553 3330 664 3416 hymn.
679 3331 711 3397 3.
727 3330 876 3396 Cathem.
893 3331 951 3414 qui
971 3337 1024 3394 est
1038 3328 1243 3394 monocolos.

149 3431 275 3495 Omnes
294 3451 410 3496 versus
432 3438 511 3497 sunt
527 3432 693 3517 Dactylioi
714 3433 852 3497 trimetri
866 3431 1140 3518 hypercatalecti:
1165 3448 1244 3494 con-

147 3539 276 3597 stantes
292 3531 401 3595 tribns
417 3533 563 3618 dactylis
577 3542 612 3597 et
632 3534 772 3618 syllaba.

191 3635 295 3700 Tertii
305 3635 453 3718 generis:
469 3635 580 3720 hymn.
589 3636 621 3701 2.
637 3636 784 3703 (lathem.
795 3638 946 3722 hymnti.
963 3636 1082 3702 Perist.
1093 3638 1205 3722 hymn.
1213 3639 1245 3703 3.

195 3788 359 3866 Quartum
381 3810 503 3871 genus:
527 3800 566 3855 ut
595 3793 708 3877 hymn.
728 3793 759 3855 4.
791 3790 942 3856 (lathem.
974 3793 1033 3875 qui
1057 3798 1108 3855 est
1130 3786 1266 3854 mono·'

151 3890 259 3955 colos.
290 3890 419 3955 Versus
430 3900 507 3957 sunt
521 3893 813 3976 hendecasyllabi:
830 3895 888 3978 qui
900 3898 1058 3958 constant
1069 3891 1246 3975 spondaeo,

152 3992 300 4075 dactylo,
318 4000 351 4058 et
364 3995 470 4058 tribus
486 3996 650 4061 trochaeis.
