2752 4674
134 286 179 354 22
579 297 790 347 ranrsrro.

135 442 375 528 interiorenes
395 439 553 522 uirosque
569 435 803 515 Christianos,⁷
821 442 854 500 et
874 436 980 502 sacris
994 435 1096 500 etiam
1110 431 1236 499 ordini·

135 546 202 610 hus
214 542 388 624 insignitos
401 538 537 622 reperiri
552 538 724 623 plurimos,
736 538 794 621 qni
808 537 970 614 Terentii,
985 536 1137 614 Horatii,
1152 533 1238 601 ovi-

137 648 197 723 dii,
206 646 410 726 aliorumque
425 640 554 705 Vatum
566 640 775 706 ethnicorum
786 660 827 706 ac
839 640 1087 705 lascivientium
1093 635 1238 703 lectioni

135 749 215 831 plus
240 745 416 830 adjecerint
438 743 589 807 animum
611 742 838 826 adjiciantque
861 742 898 806 in
920 741 1021 818 diem,
1032 760 1136 824 quam
1151 739 1239 803 Pru·

138 849 244 915 dentii
258 855 504 928 ceterorumque
520 844 789 909 Christianorum
802 844 920 926 pietati
936 842 1137 924 veritatique
1166 844 1238 904 stn-

137 952 299 1028 dentium,
313 949 348 1012 in
363 949 487 1033 quihus
509 953 628 1010 sancta
650 945 779 1028 phrasi,
802 963 858 1007 res
873 944 1009 1021 divinae,
1034 944 1123 1007 serio
1137 951 1173 1006 et
1187 948 1238 1007 ta·

137 1072 215 1118 men
231 1055 316 1118 satis
330 1053 497 1133 eleganter
505 1052 696 1114 tractantur.
720 1046 944 1128 Hanoutiqne
955 1046 1109 1130 plerique
1116 1051 1238 1127 putant

137 1174 218 1219 esse
233 1173 386 1230 cansam,
400 1153 446 1216 oh
469 1170 569 1234 quam
592 1150 628 1212 in
653 1148 914 1213 Christianorum
933 1165 1002 1210 non
1017 1146 1151 1229 paneis,
1165 1164 1240 1208 eru·

138 1254 277 1320 ditionis
292 1253 427 1338 quidem
440 1251 621 1336 plurimum
642 1250 836 1332 reperiatur,
851 1249 991 1332 pietatis
1004 1266 1085 1311 vero
1101 1265 1239 1330 paruum

140 1356 229 1439 quod
245 1375 264 1418 a
280 1355 399 1438 primis
414 1353 510 1417 annis
525 1353 559 1415 in
583 1351 761 1432 gentilibus
780 1351 987 1433 impurisque
1004 1348 1126 1413 Poetis
1140 1349 1239 1412 unice

139 1458 277 1535 versati,
304 1475 378 1521 cnm
405 1454 526 1518 iisdem
551 1471 617 1515 non
642 1458 769 1516 tantum
785 1452 880 1535 loqui
895 1452 954 1517 sed
970 1460 1005 1516 et
1020 1471 1138 1535 sapere
1153 1449 1239 1513 didi-

140 1565 271 1624 cemnt.
315 1555 422 1621 Haud
449 1555 547 1638 igitur
571 1554 796 1631 diffitebimur,
809 1555 997 1636 praesertim
1012 1573 1088 1618 cum
1102 1551 1240 1616 Christi·

140 1660 216 1724 anis
227 1661 415 1742 loquamur,
429 1657 465 1720 in
479 1657 546 1721 hoc
569 1663 684 1721 nostro
706 1657 935 1740 qualicunque
949 1656 1076 1733 labore,
1090 1673 1158 1717 non
1172 1660 1240 1717 tam

139 1760 228 1824 illud
254 1759 453 1836 intendisse,
478 1764 518 1822 ut
537 1756 718 1822 Auctorem
743 1758 912 1835 daremus,
927 1776 973 1822 ex
998 1776 1066 1839 quo
1089 1755 1241 1819 Poeticae

142 1861 224 1926 artis
249 1859 405 1941 exempla
433 1877 474 1920 ac
497 1865 668 1940 praecepta
697 1863 880 1934 sumantur,
905 1857 995 1940 quod
1018 1857 1243 1940 praestiterunt

143 1960 203 2025 alii
215 1958 394 2023 Prudentii
409 1959 610 2038 interpretes,
633 1956 797 2019 Heinsius
819 1959 978 2035 maxime,
1000 1960 1060 2042 qui
1081 1958 1123 2021 de
1144 1957 1242 2020 robus

141 2079 258 2143 parum
272 2059 409 2133 soliciti,
424 2058 458 2120 in
474 2056 586 2120 verbis
600 2057 700 2119 unice
716 2066 943 2139 occupantur;
956 2060 1014 2124 sed
1031 2068 1070 2124 nt
1091 2079 1152 2144 per
1165 2077 1242 2124 euru

142 2162 369 2225 sanctissimae
386 2158 573 2240 Religionis
588 2164 710 2223 nostrae
730 2164 881 2223 naturam
902 2180 944 2224 ac
957 2160 1181 2226 fundamenta
1194 2169 1243 2225 te·

142 2269 296 2340 neantur,
319 2261 515 2326 Christianae
539 2260 660 2324 mentis
680 2261 791 2324 officia
816 2263 1052 2346 percipiantur,
1076 2264 1119 2328 ad
1134 2283 1243 2346 eaque

142 2364 348 2446 prestanda,
363 2364 426 2428 SS.
441 2364 585 2427 virorum
599 2364 767 2445 exemplo,
790 2384 930 2447 quorum
944 2364 1102 2430 laudibus
1118 2367 1244 2448 integer

143 2464 413 2548 Peristephanon
427 2465 512 2527 liber
526 2474 741 2529 consecratus
756 2472 819 2542 est,
845 2465 1022 2548 legentium
1034 2468 1137 2532 animi
1150 2468 1242 2534 exci-

142 2572 254 2629 tentur
268 2586 309 2630 ac
322 2565 583 2629 inflammentur.

185 2665 312 2729 Verum
338 2665 423 2728 hanc
451 2666 562 2748 ipsam
589 2667 799 2734 stabiliendas
827 2669 923 2733 Fidei
955 2691 995 2736 ac
1018 2672 1244 2755 juvandomnr

144 2784 271 2830 morum
287 2767 545 2850 prerogativam
566 2767 747 2835 Pmdentio
769 2771 901 2835 auferre
916 2774 1098 2838 moliuntur
1112 2775 1244 2840 haereti-

143 2886 258 2933 corum
292 2869 465 2933 novissimi
494 2867 672 2947 Clericus,⁸
701 2873 843 2952 BeliuS,⁹
874 2873 1082 2954 Cellarius,¹0
1110 2876 1245 2959 aliique,

144 2990 247 3052 prave
261 2970 371 3052 ipsum
386 2969 429 3032 de
449 2970 534 3034 Fide
557 2969 742 3037 Christiana
765 2975 919 3058 pluribus
938 2977 972 3040 in
987 2978 1156 3060 capitibus
1171 2997 1246 3042 sen-

145 3070 232 3133 sisse
245 3077 435 3134 causantes.
480 3071 549 3135 Sed
565 3092 642 3155 quae
658 3074 708 3137 illi
723 3078 935 3165 exprobrant,
955 3080 1060 3144 antei
1082 3100 1246 3147 summam

144 3190 204 3253 per
217 3171 371 3254 injuriam
388 3169 557 3252 affingunt,
572 3181 631 3237 ant
652 3173 839 3241 Catholicae
856 3179 1024 3246 Ecclesiae
1039 3182 1248 3249 inconcussa

145 3272 403 3355 venerandaque
419 3270 577 3354 dogmata
597 3283 685 3351 sunt,
701 3297 778 3359 quae
801 3278 844 3342 ad
860 3282 1011 3345 ultimum
1025 3303 1133 3365 nsque
1148 3286 1248 3369 spiri-

147 3377 216 3434 tum
232 3373 425 3451 retinuisse,
440 3394 482 3438 ac
507 3378 587 3440 totis
610 3378 737 3442 viribus
761 3400 1003 3464 propugnasse,
1023 3385 1059 3447 in
1073 3388 1249 3470 praecipua

148 3470 265 3538 Po‘etee
280 3476 385 3538 nostri
401 3473 500 3539 laude
514 3479 736 3560 reponendum
752 3488 814 3545 est.

193 3573 235 3638 Id
258 3574 358 3657 igitur
383 3576 527 3658 primum
550 3580 585 3641 in
615 3580 800 3648 Prudentio
824 3585 1033 3668 reprehendit
1058 3585 1247 3665 Clericus,¹¹

148 3675 203 3739 rel
219 3677 335 3758 potins
349 3676 445 3759 tingit
467 3696 505 3742 se
527 3682 778 3762 reprehendere,
791 3686 883 3769 qnod
907 3686 949 3749 de
971 3686 1087 3751 Verbo
1110 3690 1177 3753 Dei
1198 3689 1250 3753 lo·

149 3794 264 3858 quens,
279 3776 362 3842 dura
376 3778 555 3844 admodum
572 3785 787 3867 expressione
814 3804 893 3849 usus
917 3787 961 3849 sit
984 3785 1209 3872 Verbigenam
1222 3797 1250 3827 ¹²

181 3950 197 3996 7
213 3945 240 3995 8.
250 3945 358 3999 Hieron.
370 3963 413 4013 ep.
423 3954 463 4001 w.
474 3951 506 4001 ad
517 3954 667 4008 Damasum.
751 3961 782 4006 1⁰
798 3957 829 4006 ln
841 3957 906 4008 Not·
916 3957 950 4008 ud
961 3974 1033 4009 surm
1044 3960 1127 4011 Prad.
1138 3961 1210 4015 Edit.

182 4027 199 4071 8
214 4022 284 4071 Bibl.
294 4023 372 4073 Unir.
384 4031 403 4076 t.
415 4038 466 4075 ιιι.
477 4040 504 4090 p.
517 4032 572 4079 lod.
750 4035 781 4081 11
800 4033 861 4083 lec.
871 4034 918 4084 cit.

181 4103 199 4149 t
214 4098 329 4150 Diction.
340 4100 405 4151 Crlt.
415 4108 431 4151 o
442 4102 507 4152 edit.
750 4109 782 4156 la
799 4106 948 4160 Cathemer.
959 4108 1058 4173 Hyria.
1070 4123 1113 4162 ιιι.
1125 4125 1164 4162 ιι.
1175 4117 1202 4166 ².
