2752 4674
590 337 795 389 ianuario.
1214 322 1236 386 9

147 485 243 551 modo
258 489 382 559 esseut,
400 500 441 546 ao
462 480 680 564 peculiarium
706 482 855 546 locomrn
876 480 1048 547 ministros
1069 484 1105 548 iu
1126 482 1235 548 officio

146 588 368 664 continerent3
398 589 468 646 tnur
491 581 591 645 etium
614 589 653 646 ut
672 581 902 666 frequentibus
924 583 1188 660 lustrationibus,
1202 588 1237 650 et

146 706 253 753 coram
277 704 336 771 per
354 704 392 748 se
406 683 622 767 inspicientes
646 704 710 761 res,
730 685 808 751 lites
822 684 942 749 melius
958 685 1144 770 dijudicare
1159 705 1236 770 pos·

146 795 228 866 seut,
244 795 279 852 et
294 785 476 870 Rempubl.
491 786 613 850 rectius
629 785 871 851 administrare.

184 889 322 954 Militiae
347 906 485 971 quoqne
508 906 646 971 operum
669 886 788 963 dedite
819 887 879 952 sed
903 888 947 952 ab
968 888 1058 964 omui
1073 907 1236 952 armorum

145 1010 181 1056 ac
195 995 383 1055 castrorum
398 989 538 1071 strepitu
554 988 691 1069 alieuoe3
713 988 839 1072 quique
858 1008 957 1054 secus
973 989 1103 1072 opinati
1120 994 1236 1067 suut„¹⁰

143 1092 349 1156 vehomenter
374 1090 627 1154 hallucinantur.
672 1088 752 1154 Nou
777 1090 862 1154 euim
886 1090 929 1155 de
952 1091 1072 1155 militia
1098 1097 1236 1167 armata,

145 1193 203 1258 sed
217 1192 261 1257 de
276 1197 405 1274 togata,
419 1211 477 1255 sen
500 1191 669 1271 Palatino,
694 1191 899 1257 Prudentius
920 1199 973 1256 est
987 1191 1235 1274 intelligendus,

142 1295 182 1359 de
196 1314 266 1380 qua
281 1294 378 1359 adest
392 1293 444 1357 tit.
464 1293 498 1355 in
522 1291 606 1358 (lod.
621 1293 817 1360 Theodos.¹¹
839 1313 960 1377 nempe
982 1294 1024 1361 de
1047 1283 1236 1376 Pririlegiia
1360 1332 1364 1338 -

142 1416 252 1461 eorum
268 1395 327 1479 qui
343 1413 440 1459 sacro
458 1395 592 1460 Palatio
606 1396 762 1475 militant,
777 1394 963 1478 cujusmodi
978 1402 1070 1460 erant
1089 1394 1236 1474 Notarii,

142 1497 321 1573 Soriniarii,
345 1496 601 1578 Lurgltionales,
625 1498 760 1582 aliique.
805 1496 1002 1563 Gennadius
1026 1517 1106 1563 sano
1121 1517 1166 1562 ex
1181 1519 1235 1562 re-

141 1598 253 1664 citatis
270 1597 440 1661 Pmdeutii
466 1599 579 1663 verbis
602 1600 688 1664 scite
711 1600 807 1665 ait2¹²
839 1598 1017 1680 ‘Agnosci
1039 1598 1236 1664 Palatinum

141 1699 278 1766 militem
303 1697 434 1764 luisse?
479 1699 546 1764 Sed
569 1721 668 1784 quern
691 1702 739 1765 illi
764 1701 798 1763 iu
826 1698 961 1763 Palatio
991 1699 1127 1780 gradum
1150 1718 1236 1764 nova

140 1800 211 1865 hac
235 1800 385 1880 dignitas
411 1801 580 1877 tribueret,
605 1803 746 1867 divinari
773 1820 839 1864 uon
863 1808 987 1884 potest.
1033 1800 1159 1865 Praeter
1173 1799 1235 1865 Al·

141 1902 229 1978 dum,
247 1902 437 1977 Rutunium,
461 1900 634 1978 Vasaeum,
661 1901 858 1978 Giselinum,
885 1901 1051 1984 aliosque,
1074 1902 1236 1965 recentio-

140 2022 209 2066 mm
235 2022 370 2087 quoque
392 2021 459 2066 nou
480 2003 581 2087 pauci
618 2009 674 2068 aut
700 2001 938 2067 Praefecturam
962 2004 1160 2079 urbanam,¹³
1178 2010 1238 2068 aut
1322 2052 1325 2057 ⁴

141 2103 307 2181 Praetorii,
321 2102 375 2166 vel
395 2103 505 2185 ipsum
523 2103 624 2167 etiam
640 2101 858 2167 Consulatum
871 2110 898 2150 ¹⁴
921 2104 1068 2185 gessisse
1091 2103 1231 2168 Poiitam

140 2213 289 2269 nostrum
303 2203 411 2267 literis
436 2203 621 2287 prodidere.
665 2202 714 2267 At
733 2223 793 2267 eos
816 2202 943 2282 fefellit,
966 2211 1024 2270 aut
1044 2206 1129 2268 illud
1157 2209 1234 2270 ‘or-

141 2306 213 2370 dine
235 2300 415 2389 proximo,’
431 2305 464 2367 in
490 2325 588 2387 quem
614 2313 797 2369 assumtum
813 2323 851 2368 se
867 2304 1007 2370 affirmat
1030 2325 1052 2369 a
1067 2307 1234 2389 Principe,

139 2407 331 2473 Theodosio
349 2407 499 2483 Seniore,
513 2412 553 2469 ut
567 2404 686 2489 puto,¹⁵
703 2411 761 2470 aut
774 2411 854 2470 nota
868 2404 915 2470 V.
930 2402 969 2468 G.
987 2404 1159 2471 Pmdentii
1174 2424 1234 2470 uo·

139 2507 219 2573 mini
232 2509 268 2572 in
284 2509 370 2573 Mss.
384 2509 452 2574 sere
467 2527 600 2590 semper
614 2505 728 2584 affixa,
742 2525 843 2591 quam
869 2503 988 2570 Virum
1012 2503 1233 2570 Consularem

139 2609 249 2673 efferre
277 2628 452 2693 perperam
478 2610 544 2672 sibi
566 2608 600 2669 in
621 2609 769 2671 animum
790 2605 1008 2686 induxeruut3
1030 2626 1106 2670 curu
1122 2612 1234 2672 vetera

139 2716 353 2774 monumenta
366 2729 427 2774 uos
451 2710 603 2786 doceant,
624 2728 688 2772 uon
710 2706 831 2771 Virum
853 2706 1083 2785 Consularem,
1098 2706 1157 2771 sed
1173 2706 1234 2775 Vi·

139 2831 209 2874 rum
229 2812 460 2877 Clarissimum
483 2831 525 2875 ea
544 2811 631 2894 sigla
656 2810 846 2893 significari.
890 2808 1120 2892 Praeterquam
1140 2810 1232 2892 quod

139 2913 227 2996 apud
249 2913 436 2994 Romanos,
450 2913 528 2977 ntis
543 2914 601 2996 qui
623 2910 750 2976 Consul
770 2911 888 2990 fuerat,
903 2910 1143 2994 designaretur,
1165 2929 1232 2974 nou

139 3011 202 3078 Vir
223 3014 430 3094 Consularis,
447 3013 508 3080 sed
521 3012 715 3079 Consularis
731 3018 873 3090 tautum,
886 3017 946 3077 aut
968 3011 1081 3098 potius
1097 3008 1231 3075 Exoou-

141 3115 193 3178 sul
207 3115 395 3182 dicebatur.

167 3283 268 3334 elnid.
283 3291 312 3335 nt
328 3298 387 3349 sup.
402 3300 441 3336 rs.
461 3288 500 3334 lo.
531 3281 663 3333 ‘'l'uudam
737 3286 768 3332 1⁴
785 3283 872 3346 liques
895 3283 1027 3334 Francise.
1053 3282 1184 3333 Victorius
1205 3284 1232 3334 iu

137 3359 234 3409 militie
246 3360 327 3424 grudu
337 3363 465 3412 Erectum
475 3360 559 3425 pietas
569 3358 663 3424 priuci-
704 3358 806 3422 Explic.
818 3358 924 3406 Nummi
934 3360 987 3408 AEr.
998 3357 1094 3408 Christ.
1107 3373 1132 3420 p.
1140 3362 1183 3430 di.

140 3435 179 3497 pir
200 3436 297 3487 extulit
308 3435 459 3487 Assomtuur
479 3438 663 3502 propiusetare
735 3439 766 3482 to
783 3433 835 3485 Qui
852 3433 995 3483 Houorimu
1016 3449 1031 3482 u
1049 3432 1134 3484 Polite
1149 3433 1234 3499 desig·
1284 3493 1286 3495 ¹

134 3510 229 3573 jubeor
239 3511 330 3562 ordine
342 3513 478 3575 pmximo.’
702 3509 759 3561 nari
776 3517 890 3572 censent,
900 3523 958 3559 sero
974 3509 1050 3560 nimir
1066 3509 1181 3573 ejusdem
1197 3513 1231 3562 ud

168 3589 200 3635 1⁰
216 3587 316 3636 curem
326 3587 366 3637 lle
376 3588 474 3652 Script.
483 3589 553 3639 Paecl.
564 3602 625 3638 eree.
636 3600 662 3638 v.
703 3588 787 3637 aulam
798 3586 968 3649 imperatoris
977 3600 1109 3642 recessum
1120 3596 1230 3651 ponunt,

137 3676 162 3724 p.
175 3665 244 3719 m,
262 3663 357 3713 cleric.
376 3664 403 3712 iu
423 3664 556 3728 Bibuom,
573 3663 663 3714 Belius
704 3669 764 3726 post
777 3676 870 3712 unuum
882 3661 1134 3725 ultroneumque
1149 3660 1232 3712 Tuae-

139 3736 256 3789 Dietiou.
267 3737 335 3788 Crit.
345 3744 361 3787 5
372 3738 439 3795 edit,
702 3737 776 3800 dosii,
787 3751 855 3786 mors
875 3737 993 3799 coutiglt·
1025 3736 1088 3786 Cum
1103 3736 1182 3801 euim,
1200 3744 1232 3788 ut

168 3818 198 3863 il
210 3814 266 3863 un.
274 3819 300 3864 θ.
311 3815 353 3865 tit.
364 3818 406 3864 tr.
700 3811 1230 3878 tillemontius,Muratorius,uliiquecou·

167 3892 199 3940 1²
215 3890 253 3939 Ut
264 3888 322 3940 lufr.
334 3890 400 3941 Not.
697 3888 1230 3953 jiciuut,jamubuu.l⁰8.duoriuSym·

168 3969 199 4014 tu
216 3965 312 4015 Cierio.
335 3973 364 4014 nt
386 3979 454 4029 sup,
471 3963 612 4016 Hofmuuu.
635 3964 661 4014 lu
701 3963 783 4013 mach.
804 3962 882 4012 libms
901 3962 1023 4028 ediderit,
1043 3978 1147 4030 eosque,
1167 3964 1229 4016 d'rrrn

137 4041 211 4104 Iex,
222 4041 323 4092 (larem
341 4042 385 4092 De
401 4041 497 4104 script.
514 4042 587 4091 Eoel.
600 4054 662 4091 stc.
701 4039 750 4090 sibi
779 4045 893 4102 rsoeret,
913 4041 1094 4104 composuerit,
1118 4048 1230 4104 quatuor

136 4127 172 4179 v,
182 4117 280 4168 Moreri
291 4117 506 4181 lexio,Vorrius
523 4117 592 4169 lint.
603 4118 661 4168 Lat.
701 4116 743 4165 rel
758 4116 871 4181 quinque
880 4116 953 4166 anuir
963 4123 1065 4166 tautum
1080 4114 1147 4179 apud
1160 4115 1230 4178 priu-

135 4197 217 4246 mlo.
701 4192 787 4258 open
796 4191 941 4246 substitisse
949 4191 1087 4248 dicendum
1099 4196 1177 4242 uret.
