2752 4674
583 309 791 358 ransarro.
1195 293 1239 358 17

136 453 169 517 iu
204 451 338 517 dendo
374 449 557 515 Prudentio
592 469 709 515 curam
745 449 1018 534 diligentiamque
1053 453 1236 534 superavit.

137 552 264 636 Hymni
286 549 469 616 duodecim
491 549 843 615 Cathemerinoncum
863 550 1085 616 Praefatione:
1110 550 1237 635 Hymni

136 654 390 739 quatuordecim
404 653 672 736 Peristephanon
687 673 765 718 cum
780 652 1006 718 Praetatione:
1027 652 1237 736 Apotheosis

135 775 250 821 versus
268 756 453 820 hexametri
475 753 574 819 1085.
590 774 667 819 eum
688 754 816 837 duplici
841 754 1066 820 Prmfatione:
1091 755 1236 820 Humat-

135 858 267 939 tigenim
283 875 397 922 versus
415 857 599 922 hexametri
613 857 688 922 966.
704 876 781 921 cum
794 856 1015 922 Praefatione:
1031 857 1237 940 Psychomu·

135 959 217 1023 chiae
233 976 351 1022 versus
362 958 545 1022 hexametri
558 958 636 1022 917.
650 977 730 1022 cum
750 958 957 1024 Praelatione
971 980 979 1024 ε
1003 958 1126 1023 Contra
1140 960 1237 1043 Sym·

135 1060 286 1124 maehum
300 1060 379 1123 lihri
392 1059 483 1123 duo4
496 1080 574 1124 cum
588 1061 660 1123 suis
682 1059 959 1126 Praefatiouibus.
1003 1059 1138 1124 Primus
1153 1080 1234 1125 con·

136 1167 204 1224 stat
219 1161 375 1224 versibus
390 1161 595 1226 hexametris
609 1161 685 1225 658.
708 1162 794 1224 alter
804 1161 903 1227 1131.
947 1161 1157 1246 Diptyohou,
1174 1180 1236 1225 seu

135 1259 364 1327 Euchiridinm
387 1263 566 1346 utriusque
589 1263 803 1328 Testamenti
827 1269 984 1329 constans
1009 1264 1158 1347 strophis
1182 1265 1237 1328 te.

136 1381 275 1447 quarum
290 1382 501 1447 unaquaeque
515 1372 662 1448 quatuor
684 1364 886 1428 hexametris
906 1365 1101 1430 absolvitur.
1148 1364 1237 1432 Haec

135 1465 255 1529 mcum
269 1464 325 1542 iis,
341 1483 420 1547 quae
443 1464 642 1530 Gennadius
655 1472 820 1545 recenset,
842 1467 1066 1545 conferantur,
1080 1468 1128 1531 nil
1143 1467 1236 1531 aliud

136 1565 576 1650 doesseintelligeturquam
585 1567 811 1632 Commentar.
824 1568 858 1630 in
871 1567 1120 1631 Hexaemeron.
1146 1569 1238 1632 Nam

135 1667 213 1733 illud
237 1668 474 1732 Invitatorium
489 1668 533 1732 ad
555 1668 752 1753 Martyrium
769 1677 841 1733 tam
861 1670 954 1732 clare
971 1673 1065 1751 patet
1076 1688 1136 1751 pro
1149 1669 1236 1733 libro

137 1769 402 1854 Peristephanon
428 1769 661 1854 accipiendum
682 1790 770 1846 esse,
794 1789 958 1852 quocum
983 1769 1152 1854 Martyres
1181 1789 1238 1834 ce·

135 1872 314 1958 lehrantur,
329 1872 509 1954 legentium
532 1872 635 1935 animi
655 1870 699 1935 ad
721 1870 924 1953 Martyrium
938 1871 1041 1935 veluti
1056 1872 1237 1938 invitantur

136 1993 174 2039 uc
196 1974 462 2050 succenduntur,
487 1979 526 2038 ut
549 1974 667 2036 mirum
691 1972 829 2036 omnino
858 1973 904 2035 sit
934 1972 1102 2035 eruditiss.
1132 1972 1237 2038 Tille-

136 2075 421 2153 montiumfflist.
444 2075 538 2139 Eccl.
561 2081 584 2139 t.
607 2090 646 2137 X.
674 2093 709 2157 p.
731 2070 826 2156 819.)
846 2094 888 2138 ac
911 2073 1025 2139 Nicol.
1048 2072 1235 2140 Antonium

136 2176 242 2263 (Bihl.
266 2177 369 2261 Hisp.
392 2184 456 2242 vet
482 2194 520 2240 ιι.
546 2178 613 2255 10.)
641 2176 678 2240 id
703 2195 771 2240 non
798 2174 994 2250 advertisse,
1017 2182 1116 2259 atque
1145 2177 1235 2242 hunc

136 2278 254 2345 librum
276 2280 361 2343 inter
381 2278 574 2362 deperditos
596 2298 816 2343 enumerasse.
861 2276 1015 2342 Alterum
1030 2297 1109 2341 vero
1128 2278 1238 2361 Hym-

137 2400 255 2445 norum
276 2380 408 2458 librum,
432 2379 651 2445 aGennadio
667 2385 896 2454 memoratum,
916 2380 994 2461 quis
1015 2378 1147 2442 dubitet
1160 2400 1236 2443 esse

136 2483 257 2547 libmm
280 2481 538 2548 Cathemerinon
563 2482 777 2566 Hymnorum
800 2479 976 2545 duodecim
1007 2500 1081 2543 cum
1110 2479 1236 2544 Praet'a-

137 2586 226 2650 hone
240 2589 254 2620 ‘
267 2584 334 2649 Per
345 2586 569 2668 quinquennia
576 2585 647 2668 jam
659 2581 797 2660 decem,’
812 2585 871 2645 &a
899 2582 1040 2645 Demum
1051 2588 1083 2645 et
1096 2582 1131 2645 in
1148 2582 1236 2648 Mss.

138 2685 313 2750 Prudentii
336 2683 442 2750 Codd.
468 2692 631 2769 quotquot
653 2684 776 2760 Aldus,
799 2681 981 2760 Giselinus,
1004 2682 1179 2761 waitzius,
1203 2690 1238 2749 et

137 2786 410 2870 diligentissimus
433 2786 600 2851 Heinsius
623 2791 682 2850 aut
696 2804 756 2870 per
770 2804 807 2848 se
822 2790 882 2848 aut
905 2804 966 2867 per
982 2784 1068 2848 alios
1084 2787 1233 2851 iuvenire

137 2907 177 2952 ac
192 2889 339 2952 scrutari
358 2895 511 2972 potuere,
533 2895 569 2951 et
590 2887 647 2965 iis,
671 2906 759 2970 quos
781 2887 817 2950 in
842 2886 907 2950 hac
921 2886 1067 2949 omnium
1083 2888 1236 2970 principe

138 2985 307 3054 Vafioaua
318 2988 532 3055 Bibliotheca
546 2988 616 3070 ipsi
630 2989 856 3065 lustravimus,
870 2986 966 3052 nulla
976 2986 1044 3052 ulia
1059 3005 1160 3071 opera
1175 2990 1236 3054 sub

138 3089 242 3153 nostri
262 3088 419 3154 Auctoris
442 3089 599 3154 nomine5
620 3088 842 3172 reperiuntur,
864 3108 969 3172 quam
990 3091 1143 3174 superius
1157 3110 1238 3154 enu-

138 3198 278 3268 merata,
292 3197 326 3255 ot
339 3192 383 3254 ah
400 3190 542 3256 Heinsio
556 3191 658 3256 edita.
703 3191 848 3256 Unicum
864 3192 967 3274 igitur
988 3191 1070 3256 illud
1086 3193 1118 3256 in
1141 3193 1238 3257 Hex-

139 3291 295 3357 semeron
310 3291 595 3358 Commentarium
610 3295 652 3359 de
663 3294 779 3358 mundi
792 3294 927 3359 fabrica
943 3314 1051 3378 usquo
1066 3293 1109 3357 ad
1122 3294 1238 3358 eondi-

139 3394 265 3458 tionem
286 3395 386 3479 primi
399 3395 544 3460 hominis
557 3402 591 3461 et
605 3396 921 3479 prevaricationem
934 3394 1017 3478 ejus,
1039 3393 1136 3478 cujus
1151 3396 1237 3461 vidi·

168 3593 184 3638 t
218 3588 394 3654 Corrigendus
425 3598 564 3654 propterea
589 3592 667 3644 loun.
741 3593 806 3643 oln
825 3591 926 3641 duobus
944 3591 1049 3656 quidem
1061 3594 1146 3644 Vatis.
1161 3593 1239 3644 Codi-

139 3662 335 3730 Msrsngonlus,
351 3665 394 3730 qui
406 3680 453 3729 pro
465 3664 563 3716 duobus
576 3666 667 3716 Poe'tm
709 3667 760 3718 cib.
784 3668 892 3731 signatis
914 3681 940 3717 n.
961 3673 1002 3718 84.
1025 3673 1081 3718 stt.
1100 3679 1239 3719 oocrrrruut

137 3743 524 3808 nostriiusym.iihris‚yainqss
533 3744 669 3809 reposuit3
710 3745 846 3795 Prudentii
869 3745 959 3794 Floras
983 3746 1154 3795 Psalmorum.
1187 3748 1240 3798 Sed

138 3819 164 3868 is
179 3835 213 3873 eo
230 3821 312 3871 etism
330 3821 415 3884 lapsus
432 3820 503 3884 quod
521 3820 669 3884 Symmachi
708 3834 753 3870 eos
764 3821 869 3871 ulterius
881 3819 1029 3882 hudentii,
1045 3822 1183 3872 Tricastini
1202 3823 1240 3872 vi·

139 3895 265 3956 libellum,
284 3896 327 3945 cui
345 3895 505 3946 Prudentius
523 3896 670 3961 respondit,
708 3896 806 3946 delicet
824 3896 958 3960 Episcopi,
975 3895 1065 3947 foetum
1084 3913 1141 3948 esse
1153 3908 1239 3949 osten·

138 3969 286 4021 'lheodosio
298 3972 337 4021 M.
349 3970 465 4021 oblatum
480 3969 559 4021 fuisse
570 3972 670 4022 scribit.
710 3971 749 4020 dit
770 3971 803 4020 cl.
830 3972 861 4019 P·
881 3970 1012 4036 losephus
1035 3974 1192 4023 Blauehiuus
1214 3975 1240 4022 iu

138 4047 145 4073 ‘
157 4047 234 4098 Delie
246 4062 306 4097 cose
323 4046 492 4097 Gentilesche
510 4055 671 4112 trssportstc
711 4047 811 4098 Libello
823 4047 943 4099 Orstiou.
954 4049 1107 4114 (lot-llisp.
1118 4064 1145 4114 p.
1155 4053 1213 4099 tut.

139 4136 212 4185 suso
223 4123 294 4175 delle
306 4121 449 4174 chiese'e.
462 4136 504 4175 rx.
517 4138 544 4188 p.
555 4128 596 4174 st.

202 4205 328 4269 Delphos
340 4204 473 4256 Vunctss.
635 4205 754 4256 Predest.
881 4164 883 4170 Ι
1150 4203 1173 4250 Β
