2752 4674
152 278 197 345 20
600 299 808 350 ranarum.

154 441 276 507 neda·
299 443 547 508 nobilissimum
571 445 816 530 Hispaniarum
830 448 1077 515 scholasticum
1090 451 1175 534 dici3
1200 462 1253 520 at·

154 564 221 627 qne
234 545 299 610 boc
314 546 480 629 antiquior
501 547 542 610 B.
563 547 687 624 Avitus
711 549 914 614 Viennensis
938 550 1098 631 Antistes,
1121 563 1158 619 et
1177 556 1254 640 ipse

157 647 291 730 poetica
316 648 416 713 laude
436 650 702 726 commendatus,
725 650 758 713 in
781 650 945 716 Poemate
970 670 1020 718 vr.
1036 654 1079 719 de
1092 655 1253 721 laudibus

151 749 377 831 Virginitatis,
391 757 471 833 post
485 751 589 815 multa
599 770 676 833 quae
692 750 734 814 de
749 750 941 818 Virtutibus
955 758 1125 835 tractavit,
1135 757 1253 825 laudat

150 849 324 916 Prudentii
338 851 643 935 Psycbomacbiam
656 855 709 918 his
723 857 899 921 versibus:

187 1061 190 1068 ¹
235 985 313 1051 Has
328 989 461 1054 virtutis
476 1008 572 1072 opes,
587 989 661 1055 baec
677 990 724 1054 sit
737 991 861 1055 solatia
874 992 964 1069 belli,

236 1088 441 1154 Describens
456 1091 579 1154 mentis
594 1091 705 1155 varias
722 1111 798 1156 cum
812 1111 954 1174 corpore
969 1113 1100 1176 pugnas

231 1190 395 1255 Prudenti
410 1191 580 1276 qnondam
595 1195 718 1259 cecinit
731 1194 933 1259 Prudentius
944 1215 1012 1261 ore.

191 1339 293 1407 Mitto
307 1361 353 1405 ex
366 1342 488 1407 iisdem
505 1345 673 1408 veteribus
700 1346 736 1408 S.
752 1344 960 1429 Prosperum
984 1346 1021 1409 in
1035 1344 1250 1423 chronicae

147 1444 432 1522 Pithaeoeditnm,
458 1446 524 1509 sub
550 1461 664 1511 en.11.
689 1444 831 1510 Arcadii
855 1453 891 1510 et
904 1445 1062 1523 Houorii,
1077 1446 1249 1512 Theodul·

146 1546 251 1629 pbnm
265 1542 538 1610 Aurelianensem
563 1564 616 1611 ιν.
632 1549 676 1623 5.,
698 1545 866 1630 aliosque,
888 1549 1049 1630 pietatem
1069 1567 1144 1612 cnm
1167 1548 1248 1613 doc·

148 1649 237 1712 trina
264 1646 483 1730 conjunctam
504 1649 688 1713 Prudentia
725 1650 923 1725 tribuentes
952 1649 1095 1733 ejusque
1125 1648 1246 1731 poesin

144 1751 273 1835 passim
289 1749 510 1815 celebrantes.
555 1750 724 1815 Sedenim
749 1771 815 1814 non
830 1751 921 1814 aliud
938 1752 1156 1814 recentiorum
1173 1752 1247 1833 qui-

144 1870 209 1935 que
230 1851 416 1915 doctissimi
439 1850 481 1913 de
505 1870 547 1913 eo
574 1852 721 1914 tulerunt
741 1853 920 1933 judicium.
964 1852 1069 1916 Petro
1092 1850 1245 1930 Crinito,3

145 1952 313 2029 Gitanas
328 1951 561 2026 Bellarmino,⁵
577 1949 754 2013 Prudentii
767 1954 915 2015 carmina
933 1953 1144 2033 gravissima,
1159 1974 1245 2037 prae·

143 2054 368 2130 stantissima,
395 2053 528 2134 egregia
554 2058 640 2117 sunt.
687 2052 728 2116 ln
750 2053 978 2135 Scaligeriaua
1000 2073 1031 2119 n.
1045 2054 1097 2119 ol.
1112 2055 1245 2137 elegan-

143 2156 266 2222 tissimi
290 2153 411 2220 Podtae
435 2155 566 2218 nomine
590 2152 791 2219 Prudentius
811 2154 1004 2219 decoratur:
1026 2154 1124 2219 Joan.
1143 2154 1244 2219 Card.

144 2260 240 2323 Bona
254 2257 437 2323 Pindarum
452 2253 677 2320 Christianum
700 2276 775 2319 enm
791 2263 896 2319 vocat
921 2259 932 2289 ‘
949 2255 1179 2319 dulcissimum
1201 2276 1243 2321 ae

141 2358 439 2445 prudentissimum
451 2356 574 2421 Christi
587 2357 709 2421 Vatem
722 2357 741 2422 :'
757 2356 903 2434 demum,
915 2365 954 2420 ut
963 2366 1096 2422 ceteros
1111 2357 1241 2437 sileam,

142 2461 291 2526 eruditus
316 2458 429 2523 Nicol.
454 2456 643 2523 Antonius⁶
672 2458 884 2522 Prudentium
908 2464 1056 2522 nostrum
1082 2458 1241 2524 Juvenco

138 2561 290 2648 praefert,
304 2566 407 2642 atquc
423 2578 445 2622 a
460 2559 501 2624 cl.
521 2559 579 2624 Jo.
603 2557 682 2623 Ant.
705 2558 848 2642 Vulpio,
873 2559 1059 2625 comment.
1074 2562 1108 2624 in
1125 2559 1242 2626 Catul-

145 2665 234 2729 lum:
270 2659 408 2725 ‘Poeta
431 2679 494 2724 sno
508 2661 635 2726 saeculo
659 2661 778 2745 major,
800 2663 1022 2741 cultissimus,
1039 2683 1079 2727 ac
1094 2668 1241 2727 veterum

142 2765 384 2851 elegantiarum
420 2762 710 2827 studiosissimns'
744 2764 876 2829 dicitnr.
930 2763 1017 2830 Post
1045 2764 1118 2829 haec
1155 2764 1240 2829 nibil

140 2867 239 2951 plane
260 2885 373 2930 moror
393 2864 556 2948 quidquid
581 2864 645 2928 Lil.
670 2864 839 2941 Giraldus,
861 2865 1042 2949 Rapinins,
1067 2866 1238 2948 Dupinius

139 2968 182 3034 ad
204 2965 399 3033 elevandam
422 2964 543 3030 Poetae
566 2967 670 3031 nostri
689 2966 812 3030 samam
840 2967 994 3031 dixerint.
1039 2966 1122 3031 Esto
1138 2969 1173 3031 in
1196 2968 1239 3032 iis

137 3090 215 3156 quae
230 3071 308 3154 styli
322 3070 509 3133 castitatem
520 3069 796 3154 nobilitatemque
808 3077 973 3154 spectant,
987 3070 1145 3145 Horatio,
1158 3067 1238 3134 Vir-

136 3173 228 3255 gilio,
251 3171 438 3254 ceterisque
459 3170 552 3234 aurei
576 3171 694 3235 saeculi
718 3170 874 3249 Vatibus,
897 3171 1033 3237 inferior
1058 3169 1236 3252 aliquanto

135 3275 243 3354 fuerit,
257 3293 298 3338 ac
313 3276 347 3337 in
366 3273 508 3338 vocibus
531 3274 724 3354 peregrinis,
738 3274 888 3338 maxime
909 3272 1052 3351 Graecis,
1067 3270 1237 3339 interdum

136 3379 236 3440 etiam
249 3377 459 3459 peccaverit3
481 3376 558 3440 ideo
573 3395 616 3439 ne
630 3376 804 3459 plumbeus
819 3377 978 3440 continuo
993 3372 1154 3439 dicendus
1169 3381 1235 3453 est,

135 3477 320 3558 inelegans,
334 3476 582 3540 infructuosnsl
617 3476 739 3542 Nonne
761 3478 850 3541 bunc
874 3477 1153 3561 qualemcumque
1176 3475 1235 3540 de·

134 3581 268 3657 sectam,
283 3580 317 3643 in
332 3579 573 3643 Ecclesiastico
588 3581 771 3664 praesertim
785 3580 966 3663 Scriptore,
978 3578 1069 3642 nullo
1083 3576 1160 3641 loco
1175 3577 1235 3642 ba-

132 3682 287 3759 bendum,
302 3680 569 3764 exquisitissima
583 3701 660 3746 cum
676 3701 772 3747 sacra
786 3701 864 3747 cnm
882 3679 1021 3763 prolana
1035 3678 1233 3757 eruditione,

133 3784 365 3848 sententiarum
379 3785 551 3866 gravitate,
576 3803 682 3850 rarum
706 3783 746 3848 de
768 3783 891 3866 quibus
911 3781 983 3864 agit
996 3782 1174 3847 sanctitate
1190 3800 1233 3846 ac

166 3968 181 4013 2
198 3965 241 4014 De
254 3962 318 4012 Arte
331 3965 568 4017 mecaenatem.
732 3970 747 4012 5
766 3963 808 4011 De
821 3963 919 4026 Script.
934 3962 1004 4013 Eccl.

166 4043 181 4088 t
198 4039 238 4087 De
251 4038 326 4088 Pota
337 4038 393 4088 Lat.
406 4053 430 4087 c.
444 4052 489 4088 xc.
731 4045 748 4089 o
765 4040 834 4090 Bibl.
846 4039 923 4104 Hisp.
933 4041 978 4091 lib.
990 4053 1029 4090 ιι.

166 4121 181 4166 t
198 4115 283 4166 ludlc.
297 4116 400 4167 lauerat.
411 4130 438 4179 p.
449 4119 507 4164 ⁴99.
