2752 4674
186 305 232 371 36
634 312 842 364 humuncio.

188 464 432 553 prolixitatem,
455 466 489 526 et
516 459 788 528 observationum
819 454 1005 519 exilitatem
1029 453 1209 521 lectoribus
1230 455 1291 522 vix

188 568 360 634 ferendus.
403 563 513 629 Aliter
533 563 575 625 de
601 561 743 626 Erasrm
767 558 960 635 dicendum,
988 559 1058 640 qui,
1081 559 1238 642 quamvis
1254 561 1291 624 in

190 672 323 735 duobus
337 675 462 734 tuntum
485 666 663 750 postremis
684 663 873 728 Cathemer.
897 661 1044 744 Hymnis
1057 661 1291 739 elaboraverit,

189 775 268 856 quia
293 777 303 805 ‘
320 767 455 844 tamen,'
478 768 585 850 inquit
600 765 857 841 ChamillarduS,
882 771 892 800 ‘
907 765 959 827 vir
972 764 1049 841 fuit,
1064 763 1095 826 si
1109 764 1187 847 quis
1201 764 1290 829 alins

190 894 252 940 ena
273 878 483 956 tempestate,
500 870 594 934 acuti
616 874 650 933 et
670 869 777 932 limati
788 868 922 952 judicii,
939 886 1051 951 operae
1065 866 1212 949 pretinm
1226 886 1292 931 non

188 976 420 1062 poenttendum
445 973 537 1049 iecit,
562 991 604 1036 ac
627 970 826 1035 documento
849 989 924 1033 esse
949 974 1077 1053 potest,
1100 986 1200 1052 qnam
1223 987 1292 1033 non

187 1077 392 1144 Prudentius
414 1077 456 1139 ab
484 1073 624 1139 eruditis
646 1071 861 1155 negligendus
886 1070 951 1137 sit?
994 1069 1085 1134 Illud
1108 1075 1218 1134 temen
1242 1070 1293 1134 in·

188 1179 357 1245 commodi
372 1178 446 1261 ejus
463 1176 577 1241 Notas
592 1176 715 1240 habere
728 1172 941 1257 deprehendi,
952 1171 1044 1256 qnod
1057 1171 1164 1235 minue
1177 1177 1291 1248 rectae,

188 1291 249 1346 aut
267 1281 368 1344 etiam
385 1280 581 1361 depravatae
596 1277 735 1342 lectioni
746 1296 812 1340 non
829 1275 932 1339 semel
947 1275 1139 1339 innitantur.
1176 1271 1291 1338 Unam

188 1390 312 1448 tantum
326 1380 428 1465 doun.
454 1377 582 1446 Albert.
607 1378 785 1443 Fabricius
803 1376 894 1441 Bibl.
919 1377 992 1441 Lat.
1015 1382 1040 1442 t.
1068 1393 1110 1441 11.
1130 1380 1294 1440 memorat

187 1483 466 1566 Antverpieusem
488 1480 661 1546 Prudentii
680 1479 881 1558 Editionem,
904 1499 983 1544 cnm
1007 1478 1092 1543 AElii
1115 1475 1195 1542 Ant.
1222 1477 1293 1543 Ne·

186 1586 370 1653 brissensis
386 1584 650 1661 Commentariis
667 1591 700 1648 et
715 1583 863 1647 Scholiis
888 1581 1040 1647 Sichardi
1062 1600 1117 1647 an.
1141 1581 1238 1646 1540.
1256 1581 1291 1646 8.

188 1686 404 1773 apudtoan.
429 1685 622 1750 Steelsinm.
667 1684 734 1748 Sed
757 1683 832 1750 duee
854 1685 993 1767 insuper
1014 1681 1180 1748 addendae
1203 1690 1291 1747 snut.

190 1791 310 1854 Altera
323 1786 416 1870 apud
433 1787 617 1850 Martinam
637 1786 818 1863 tlaesarem,
843 1806 897 1850 an.
919 1785 1063 1851 16368.
1088 1803 1165 1868 quar
1186 1784 1242 1850 hic
1258 1786 1293 1848 in

189 1884 402 1954 Bibliotheca
417 1884 559 1968 Collegit
575 1885 721 1949 Romani
747 1895 952 1967 asservatum
975 1887 1079 1953 altera
1102 1887 1179 1950 anni
1194 1888 1294 1952 1646.

187 2009 291 2076 quern
305 1989 370 2052 sibi
383 1988 488 2051 fnisse
504 1992 646 2051 testatus
671 1995 724 2051 est
737 1987 907 2073 Reliusiiu
923 1988 1044 2054 Irexic.
1088 1987 1294 2073 Quanquam

188 2100 299 2157 autem
324 2089 571 2167 Nebrissensis,
597 2088 639 2152 de
665 2108 735 2170 quo
761 2089 829 2153 late
852 2108 892 2153 ac
919 2089 1047 2155 erudite
1071 2089 1186 2154 Nicol.
1209 2090 1292 2156 Ant.

189 2190 278 2256 Bibl.
294 2191 395 2274 Hisp.
411 2189 501 2255 Nov.
514 2197 538 2255 t.
551 2205 576 2254 1.
592 2191 698 2274 §104
713 2189 785 2253 suis
800 2189 835 2252 in
851 2189 1073 2255 Prudentinm
1089 2189 1193 2255 Notis
1208 2191 1295 2257 nibil

186 2294 283 2358 uliud
314 2312 350 2357 se
372 2290 556 2357 intendisse
581 2291 676 2355 dicat
705 2291 748 2356 ad
772 2290 899 2374 Hymn.
927 2291 1114 2375 Peristeph.
1139 2312 1189 2356 vs.
1215 2293 1294 2360 186.

187 2415 292 2480 qnam
307 2404 345 2459 nt
360 2394 487 2459 aditum
502 2394 668 2478 quendam
683 2394 924 2459 Grammaticis
939 2395 1090 2477 aperiret,
1104 2412 1166 2458 sua
1180 2400 1293 2462 tamen

188 2497 373 2562 eruditione
387 2514 453 2558 non
469 2501 600 2572 vacant,
616 2504 718 2578 atque
741 2496 785 2560 ad
809 2497 1056 2580 assequendum
1072 2495 1190 2562 Podtee
1216 2517 1293 2563 sen·

188 2616 263 2664 snm
279 2597 411 2661 idoneae
427 2596 462 2658 in
477 2597 595 2678 primis
610 2604 686 2661 sunt
701 2617 711 2675 3
742 2603 781 2661 ut
803 2597 919 2681 aliqua
941 2603 1080 2676 tantum,
1094 2617 1161 2663 non
1179 2601 1295 2665 omnia

189 2722 209 2766 e
225 2698 463 2764 Prudentianis
480 2697 655 2781 Operibus
670 2717 747 2762 enm
761 2699 911 2781 attigisse
926 2698 1107 2763 dolendum
1119 2699 1177 2765 sit.
1209 2699 1293 2766 Vio-

189 2809 240 2868 tor
264 2801 439 2867 Giselinns
465 2800 609 2865 Flander
633 2802 894 2866 San-fordianus
916 2801 1033 2866 decem
1059 2809 1180 2866 nactus
1209 2801 1294 2868 Pru·

188 2903 293 2969 dentii
309 2901 465 2979 Codices,
479 2921 602 2968 novam
619 2901 810 2969 Editionem
824 2903 968 2969 adorsus
980 2909 1043 2982 est,
1053 2923 1093 2968 nc
1103 2905 1196 2988 prelo
1212 2906 1294 2970 sub·

185 3006 272 3088 jecit
303 3004 445 3071 Parisiis
471 3005 562 3087 apud
585 3004 781 3092 Hieronym.
808 3005 1018 3069 Marneffinm
1053 3024 1109 3072 an.
1138 3006 1235 3073 lucu.
1261 3008 1293 3074 8.

188 3105 257 3170 Sed
273 3124 350 3170 cnm
365 3106 453 3169 mule
480 3106 567 3170 adeo
590 3108 760 3172 cessisset
780 3107 894 3186 editio,
915 3114 954 3173 ut
974 3107 1133 3172 referente
1148 3107 1294 3173 Heinsio

188 3208 224 3272 in
240 3206 341 3271 Proes.
357 3206 489 3271 mendis
505 3208 687 3272 admodum
703 3209 826 3292 spissis
850 3209 1074 3274 foedissimum
1097 3210 1132 3273 in
1155 3210 1294 3274 modum

143 3313 151 3329 ⁶
191 3318 347 3388 scateret,
373 3309 552 3375 Theodoro
577 3308 766 3374 Pulmanno
790 3309 1087 3392 Crannenhurgico
1111 3313 1145 3375 in
1161 3320 1294 3395 partem

188 3408 313 3474 laboris
327 3412 449 3489 ascito,
465 3412 566 3476 aliam
586 3430 767 3493 aggressus
792 3418 852 3489 est,
875 3431 976 3495 qnam
992 3412 1216 3477 Plautinianis
1242 3420 1294 3497 ty-

187 3511 243 3595 pis
258 3510 388 3594 publici
399 3513 486 3596 Jnris
508 3512 588 3576 fecit
610 3512 805 3596 Antverpiae
829 3532 885 3578 an.
911 3514 1007 3579 1564.
1031 3515 1063 3581 8.
1087 3535 1164 3579 cum
1178 3513 1294 3593 Notis,

190 3613 371 3698 subjuncto
396 3612 440 3678 ed
467 3613 596 3678 calcem
621 3614 802 3679 voluminis
832 3614 964 3680 Erasmi
994 3617 1029 3679 in
1056 3615 1182 3700 Hymn.
1207 3615 1294 3681 dnos

191 3713 451 3781 Commentario.
495 3713 586 3793 Quae
595 3733 674 3779 sune
689 3715 805 3794 editio,
819 3718 930 3800 inquit
944 3716 1033 3782 idem
1047 3717 1215 3782 Heinsius
1228 3718 1293 3782 loc.

189 3816 247 3880 cit.
259 3820 269 3849 ‘
279 3816 417 3899 reliquis
426 3819 582 3883 omnibus
591 3817 627 3881 in
637 3818 749 3884 lucem
762 3821 875 3885 solerti
887 3821 1175 3905 typographorum
1187 3840 1293 3904 opera

190 3915 351 3982 hactenns
372 3919 515 3997 emissis,
538 3919 640 3985 facile
662 3927 814 4004 praestat,
838 3938 878 3985 ac
904 3927 1002 3986 extra
1028 3922 1293 3987 controversiam

189 4019 267 4083 aliis
282 4026 338 4084 eet
351 4021 607 4106 anteponenda!
651 4021 755 4101 Quod
771 4022 814 4087 de
827 4022 883 4101 iis,
904 4043 981 4106 queo
996 4024 1174 4089 lectionem
1189 4029 1291 4107 atque

190 4119 464 4207 orthographiam
483 4130 652 4208 spectant,
678 4125 805 4190 dictum
829 4125 986 4209 intellige.
1032 4125 1121 4192 Nam
1138 4126 1173 4191 in
1188 4123 1292 4193 Notis
