2752 4674
581 308 786 362 onerario.
1189 293 1232 361 18

139 449 260 538 conjici
282 472 387 538 posse
408 451 539 519 videtur
558 474 603 520 ex
621 454 1018 539 Hymn.1v.1?eustepn.
1041 472 1091 518 vs.
1106 455 1181 520 574.
1196 454 1231 518 in

138 575 258 639 quose
276 560 287 590 ⁴
302 558 461 621 rusticum
477 554 634 622 Po'etam’
649 558 807 641 appellat.
841 556 894 620 Ibi
916 557 1071 621 omuibus
1088 558 1177 620 curis
1198 561 1232 621 et
1300 569 1307 587 ·

137 659 277 723 sarcinis
292 659 509 723 saecularibus
524 658 717 741 expeditus,
734 658 811 722 Deo
825 658 909 722 liber
922 658 1071 736 vivebat,
1093 678 1135 722 ao
1145 656 1231 741 jeju-

137 759 213 838 niis,
228 760 449 836 orationibus,
463 761 623 841 bonisque
637 761 794 844 operibus
817 777 956 837 vacans,
970 765 1002 822 et
1024 760 1057 822 in
1071 760 1145 842 lege
1161 759 1232 824 Do-

138 861 216 926 mini
237 861 297 925 din
321 866 490 945 noctuque
513 861 692 939 meditans,
717 853 960 926 Monachorum
981 858 1096 937 vitam,
1116 858 1231 944 quoad

136 968 280 1045 poterat,
308 959 541 1027 aemulabatur.
586 962 668 1027 Non
693 963 802 1026 solum
825 961 949 1047 jejunii
979 960 1109 1038 diebus,
1137 965 1233 1026 extra

138 1046 448 1146 Quadrag'esimam,
474 1065 581 1128 tribus
601 1069 679 1147 post
701 1060 870 1129 meridiem
895 1064 994 1141 boris,
1014 1069 1052 1127 ut
1074 1070 1108 1127 et
1130 1063 1233 1129 ceteri

137 1171 205 1231 mm
221 1165 383 1247 temporis
398 1164 522 1241 fideles,
538 1165 650 1228 cibum
663 1167 827 1243 sumebat,
843 1165 904 1230 sed
916 1165 1057 1230 eandem
1078 1164 1231 1249 quotidie

138 1278 294 1330 masse
307 1265 596 1342 consuetudinem,
621 1266 755 1330 innuere
769 1266 844 1350 ipse
859 1265 1008 1331 cathem.
1031 1266 1158 1348 Hymn.
1174 1274 1232 1331 ιιι.

137 1365 188 1430 79.
202 1365 345 1443 videtur,
359 1366 451 1450 quod
468 1385 531 1431 sua
552 1373 652 1433 aetate
672 1368 927 1433 usitatissimum
946 1368 1053 1433 fuisse
1066 1368 1181 1433 scribit
1195 1368 1231 1432 S.

136 1465 282 1549 August.
306 1467 359 1531 De
376 1467 497 1531 Morib.
514 1467 613 1532 cath.
627 1467 722 1533 Eccl.
742 1487 771 1533 c.
783 1469 838 1533 33.
882 1468 966 1534 lude
987 1469 1089 1533 etiam
1112 1486 1161 1532 vs.
1176 1467 1233 1532 59.

136 1569 291 1632 carnibus
303 1586 378 1631 euru
388 1575 551 1651 perpetuo
565 1569 772 1633 abstinuisse
786 1569 916 1652 liquido
939 1569 1114 1635 evincitur.
1155 1568 1232 1637 cen

136 1668 179 1732 tis
199 1688 335 1752 quoque
357 1688 417 1753 per
437 1670 524 1733 diem
548 1670 649 1746 boris,
671 1672 775 1735 veteri
800 1669 962 1734 Ecclesiae
984 1670 1233 1747 cousuetudine,

135 1767 252 1834 laudes
270 1769 343 1833 Deo
358 1771 594 1852 persolvebat-3
615 1771 781 1834 matutino
795 1770 927 1833 scilicet
948 1776 1113 1852 tempore,
1137 1771 1233 1834 meri·

138 1866 250 1948 diano,
275 1879 309 1935 et
334 1872 524 1953 vespertino
548 1867 715 1954 (Cathem.
738 1870 865 1952 Hymu.
896 1867 979 1954 ιιι.).
1009 1868 1101 1947 Quin
1130 1871 1233 1936 immo

136 1973 245 2037 noctis
261 1976 393 2055 partem
413 1971 560 2052 aliquam
576 1969 752 2044 lbndendis
768 1968 843 2032 Deo
863 1969 1017 2051 precibus
1038 1970 1234 2037 insumsisse

138 2092 180 2138 ex
193 2073 320 2157 Hymn.
333 2089 356 2134 ι.
372 2070 523 2137 Cathem.
536 2089 585 2135 vs.
599 2071 653 2135 82.
663 2070 739 2154 jure
754 2070 868 2151 colligi
878 2076 1003 2152 potest.
1026 2070 1233 2153 Hujnsmodi

137 2176 214 2242 rire
228 2174 465 2239 institututum
479 2173 550 2256 pio,
564 2179 633 2236 tam
648 2171 816 2253 religioso,
838 2190 958 2252 magna
973 2172 1089 2254 ntique
1101 2172 1233 2238 frueba-

137 2281 188 2340 tur
201 2293 301 2357 pace,
316 2273 483 2357 animique
497 2272 748 2355 tranquillitate,
766 2291 848 2353 quae
871 2289 917 2336 ex
930 2273 1018 2336 bouo
1033 2273 1138 2336 oritur
1151 2293 1233 2338 con·

85 2412 87 2416 ,
138 2375 288 2440 scientiae
302 2374 518 2454 testimoni03
541 2372 601 2437 sed
627 2392 704 2436 cum
728 2372 841 2435 domui
867 2391 950 2448 suae,
976 2372 1102 2435 sinistri
1117 2374 1232 2440 neseio

138 2475 216 2560 quid
242 2475 467 2552 accidisset,²⁴
488 2493 508 2538 e
531 2493 668 2538 secessu
700 2472 824 2554 egredi,
858 2478 960 2555 atque
992 2472 1234 2555 Imperatorem

136 2573 361 2660 (Honorium)
390 2575 483 2639 adire
512 2581 649 2639 coactus
680 2582 743 2652 est,
776 2593 875 2657 quem
909 2574 1031 2639 Romae
1065 2576 1233 2640 convenit,

138 2677 240 2742 Hanc
263 2694 382 2740 versus
404 2676 468 2740 iter
488 2674 625 2753 faciens,
648 2694 723 2740 cum
747 2674 871 2738 Forum
892 2672 1038 2738 Cornelii
1064 2676 1234 2757 pervenis·

137 2786 201 2857 set,
215 2775 341 2841 ibidem
357 2776 393 2842 S.
408 2775 609 2840 Cassianum
626 2775 825 2859 Martyrem,
849 2776 905 2839 cui
924 2780 1040 2857 postea
1063 2775 1234 2860 Hymuum

138 2875 357 2952 consecravit,
382 2884 562 2940 veneratus
589 2882 652 2953 est,
681 2875 948 2959 deprecatusque
976 2895 1169 2960 prosperum
1198 2882 1260 2967 ut·

137 2980 200 3043 sibi
223 2980 285 3043 iter
311 2978 488 3042 tribueret:
512 2979 581 3043 voti
604 2997 745 3060 compos
766 2978 894 3042 factus:
919 2997 997 3060 quae
1020 2979 1109 3042 euim
1128 2979 1234 3062 impe·
1346 3023 1348 3028 .

138 3085 282 3145 tratnrus
308 3084 505 3157 accesserat,
534 3079 577 3142 ab
604 3077 812 3162 Imperatore
834 3086 1052 3155 consecutus,
1077 3079 1176 3143 laetus
1199 3087 1234 3143 et

139 3180 298 3264 gaudens,
322 3180 455 3245 domum
476 3198 631 3251 reversus
653 3186 721 3244 est.
753 3178 843 3243 Dum
864 3198 991 3243 moram
1009 3178 1045 3242 in
1066 3178 1146 3242 urbe
1168 3186 1235 3244 tra·

138 3282 236 3358 beret,
250 3299 318 3344 non
333 3287 400 3345 tam
417 3281 499 3345 artis
513 3300 614 3364 opera
636 3281 669 3344 in
691 3280 782 3344 omni
803 3298 923 3362 genere
938 3279 1234 3359 excellentissima,

139 3401 235 3467 quam
251 3382 457 3459 coemeteria,
471 3382 603 3464 aliaque
617 3400 713 3445 sacra
728 3380 912 3464 Martyrum
927 3399 967 3444 ac
982 3380 1151 3464 religionis
1164 3401 1234 3446 mo·

138 3489 334 3558 numento?5
350 3484 405 3567 pie
421 3502 462 3547 ac
477 3489 603 3548 attente
617 3483 759 3547 lustrare
775 3481 960 3546 consuevit.
1012 3481 1053 3545 ld
1069 3482 1142 3564 ipse
1167 3490 1234 3549 tes·

140 3589 225 3648 tatur
239 3583 290 3647 sic
305 3603 428 3648 canens
438 3605 446 3649 :
456 3581 484 3623 ²⁶

168 3717 200 3763 ut
218 3713 316 3763 Periit.
327 3711 407 3777 Hyrn.
418 3725 458 3764 rx.
470 3717 526 3764 lot.
539 3717 595 3763 104.
706 3725 738 3762 οι
749 3712 872 3774 invisunt,
888 3711 1028 3762 osteudens
1045 3717 1140 3776 quauta
1157 3726 1235 3762 vene·

168 3796 200 3840 26
217 3791 259 3841 cl.
271 3790 438 3840 Mabillouiur
457 3791 484 3840 in
500 3805 542 3854 ep.
554 3790 587 3839 ad
602 3789 667 3839 'lbe-
707 3789 808 3838 ratione
820 3787 951 3851 prosecuti
966 3786 1073 3835 illasint
1083 3786 1129 3837 SS.
1142 3787 1236 3838 Hiero·

139 3867 197 3930 oph.
208 3866 313 3916 Gallum
325 3866 368 3916 De
379 3866 451 3915 cultu
463 3866 618 3915 Sanctorum
629 3865 668 3929 ig·
707 3878 784 3927 aym,
801 3865 909 3914 Carolus
923 3864 1011 3927 Bora,
1027 3863 1163 3929 Philippus
1180 3865 1235 3914 Na·

138 3952 266 4002 notorum,
286 3941 402 4005 graviter
424 3940 591 4005 reprehendit
613 3954 668 4001 eos,
707 3938 884 4002 rinr,aliique.

139 4017 181 4080 qul
199 4018 256 4067 sola
273 4014 348 4067 ducti
367 4016 527 4078 curiositate,
545 4029 576 4066 ae
596 4015 668 4065 nullo
738 4018 771 4065 td
788 4014 883 4065 Perist.
896 4014 974 4078 Hym.
987 4028 1026 4065 ιιι.
1040 4019 1062 4064 1.
1073 4019 1097 4064 2.

138 4092 282 4143 derotlonis
291 4092 533 4156 renru,bujurmodi
546 4106 620 4143 ruera
630 4092 667 4140 lo·
