2752 4674
153 290 199 363 24
607 296 811 349 PnAEnArto.

153 420 274 510 ‘Nicon
295 442 328 506 le
350 437 516 505 Nourrins
538 438 571 503 in
597 439 728 523 Appar.
752 438 795 503 ad
819 437 909 503 Bibl.
931 444 999 503 vet
1018 438 1106 516 PP.,
1123 437 1256 506 Mareu.

157 546 212 611 De
228 544 344 610 Diviu.
357 542 475 617 Verbi,
498 541 695 606 Laurentius
709 541 800 607 Berti
818 541 870 604 De
886 540 1051 622 Theolog.
1075 541 1257 623 Disciplin.

156 653 180 711 t.
196 662 221 708 1.
236 646 295 710 lib.
308 644 342 709 8.
358 642 561 727 plurimique
577 643 648 720 alii,
665 642 708 706 ad
723 661 809 726 quos
832 641 988 706 lectorem
1003 642 1144 706 remitto.
1189 642 1257 708 Sed

156 743 200 812 ad
216 745 429 811 Prudentium
446 745 536 828 quod
553 746 686 822 attinet,
700 763 838 828 prorsus
853 763 939 824 nego
953 763 1030 807 eum
1042 745 1257 809 minusrecte

155 846 198 912 de
214 846 303 911 Filio
316 846 381 911 Dei
396 847 557 922 sensisse,
575 852 632 910 aut
645 846 795 915 locutum
815 844 922 908 luisse
936 863 945 923 ;
959 862 1033 920 nec,
1053 848 1091 907 ut
1105 843 1258 909 Clericus

157 950 215 1027 ait,
231 935 333 1012 aliam
349 948 428 1012 Filii
445 948 512 1012 Dei
526 947 770 1030 generationem
793 946 986 1027 agnovisse,
1011 964 1112 1028 quam
1126 952 1258 1029 tempo·

156 1050 276 1114 uariam
298 1056 333 1113 et
358 1049 600 1132 impropriam
627 1067 704 1112 cum
723 1048 904 1112 innumeris
919 1046 1159 1130 propemodum
1170 1047 1258 1112 locis

157 1159 316 1216 aeternam
347 1148 453 1215 Verbi
482 1149 728 1231 generationem
757 1146 990 1230 depraedicat:
1021 1145 1208 1211 Personam
1236 1166 1258 1211 a

158 1250 258 1316 Patre
283 1251 477 1316 distinctam
498 1251 653 1326 fateatur,
673 1254 708 1312 et
723 1247 935 1313 catholicam
949 1248 1075 1330 ubique
1089 1254 1202 1314 teneat
1216 1268 1257 1314 ac

156 1358 345 1435 propugnet
360 1350 491 1415 Fidem.
534 1349 590 1415 Ab
605 1351 761 1416 omnibus
784 1351 896 1430 ferme,
920 1368 1007 1433 quos
1032 1349 1135 1413 modo
1150 1351 1259 1414 nomi·

156 1456 247 1531 navi,
263 1452 468 1518 doctissimis
488 1453 569 1516 viris
588 1450 857 1517 animadversum
880 1457 943 1529 est,
962 1450 1121 1534 antiquos
1136 1449 1258 1517 Patres

156 1555 332 1618 nonnullos
347 1553 515 1635 duplicem
540 1553 621 1617 Filii
643 1554 887 1636 generationem
906 1558 983 1617 ante
999 1551 1152 1618 conditas
1167 1571 1258 1616 crea-

157 1664 252 1720 turas
275 1656 482 1721 distinxisse.
527 1656 648 1723 Prima
667 1663 732 1732 est,
757 1675 832 1718 curn
857 1653 960 1718 Pater
980 1653 1128 1720 Verbum
1148 1653 1258 1735 genuit

156 1757 371 1837 intelligendo
392 1758 554 1840 seipsum,
580 1777 680 1840 quam
704 1757 951 1839 generationem
973 1761 1110 1820 constat
1135 1755 1258 1836 sempi-

156 1866 283 1921 ternam
306 1875 393 1933 esse,
414 1876 492 1920 cnm
516 1857 613 1920 Deus
638 1877 772 1939 semper
795 1858 896 1921 suerit
911 1857 1023 1934 Pater,
1039 1877 1079 1920 ac
1095 1854 1258 1920 Rationa-

156 1960 218 2023 lis:
248 1958 352 2021 altera
381 1957 562 2037 generatio,
593 1976 653 2022 seu
681 1959 796 2039 potius
819 1965 959 2022 externa
980 1958 1087 2022 Verbi
1113 1957 1258 2040 prolatio

154 2058 377 2140 iuit,quando
400 2056 516 2122 Verbo
539 2058 671 2122 virtutis
693 2079 765 2122 suae
793 2057 957 2122 Mundum
980 2059 1153 2139 condidit3
1177 2066 1257 2125 tunc

156 2161 245 2223 enim
260 2160 296 2222 in
310 2166 537 2224 creaturarum
558 2157 777 2242 productione
799 2161 958 2242 apparuit
980 2180 1022 2226 ac
1045 2161 1258 2227 manifestata

157 2261 252 2325 nobis
266 2259 333 2325 fuit
349 2260 412 2325 Dei
426 2261 615 2343 Sapientia,
632 2281 673 2327 ac
689 2260 861 2339 Potentia,
884 2282 959 2344 quae
984 2264 1028 2326 ab
1044 2268 1172 2327 aeterno
1187 2270 1258 2328 erat

156 2363 191 2426 in
204 2363 279 2426 sinu
297 2362 421 2427 Patris.

202 2463 281 2529 Hac
297 2464 524 2539 distinctione,
539 2470 691 2528 veterum
716 2464 850 2528 Patrum
874 2464 917 2528 da
942 2461 1052 2529 Verbo
1072 2465 1257 2532 locutiones

156 2565 251 2647 leuge
266 2564 415 2629 duriores
426 2565 610 2646 expediunt
624 2574 658 2630 et
669 2567 843 2648 explicant
853 2569 1072 2632 communiter
1083 2568 1258 2652 Theologi.

157 2666 308 2748 Objectis
322 2666 421 2747 igitur
435 2684 457 2729 a
471 2664 606 2730 Clerico
624 2667 714 2731 locis
735 2673 939 2750 postremam
962 2669 1047 2732 banc
1072 2672 1257 2751 generatio-

156 2785 230 2830 nem
245 2786 266 2829 a
281 2766 463 2838 Prudentio
478 2766 585 2831 fuisse
600 2768 817 2846 intellectam,
832 2776 867 2835 et
880 2789 942 2834 uos
957 2770 1121 2851 dicimus;
1137 2779 1172 2837 at
1185 2775 1259 2838 sine

156 2867 226 2933 ullo
242 2887 343 2944 verae,
355 2868 515 2950 propriae,
531 2887 572 2932 ac
584 2871 793 2951 sempitemae
804 2872 1031 2951 generationis
1041 2873 1258 2956 praejudicio,

156 2989 259 3052 quam
280 2969 422 3034 Poetam
438 2975 590 3033 nostrum
605 2973 779 3053 agnovisse
795 2978 896 3054 atque
911 2973 1098 3038 inculcasse
1113 2993 1259 3056 sequen-

156 3075 210 3136 tes
231 3073 298 3138 loci
324 3073 437 3155 palam
459 3072 595 3138 faciunt.
643 3073 864 3138 Personarum
890 3075 1089 3139 Divinarum
1111 3075 1259 3141 Trinita-

155 3181 235 3251 tem,
257 3182 292 3238 et
314 3174 455 3240 Natnrae
482 3175 645 3238 unitatem
661 3173 711 3240 sic
728 3176 877 3240 enuntiat
891 3174 1043 3240 Catbem.
1060 3175 1187 3258 Hymn.
1205 3194 1257 3242 ιν.

156 3276 228 3340 init.

438 3409 468 3472 0
484 3408 656 3472 Trinitatis
671 3407 773 3491 hujus

436 3509 501 3572 Vis
516 3528 592 3586 una,
608 3511 717 3572 lumen
733 3528 845 3587 uuum,

439 3613 535 3676 Deus
550 3631 595 3675 ex
610 3612 687 3675 Deo
701 3614 863 3695 perennis,

437 3712 534 3779 Dens
550 3733 594 3779 ex
610 3719 749 3798 utroquo
761 3715 897 3779 missua.

156 3880 258 3960 Quod
273 3882 394 3946 iisdem
408 3904 505 3966 paene
519 3885 631 3951 verbis
651 3885 773 3969 repetit
787 3882 1050 3968 Peristephanon
1072 3886 1199 3970 Hyrnu.
1216 3907 1257 3955 x.

154 4002 208 4049 rs.
231 3983 308 4048 321.
346 3983 474 4049 Eodem
502 3987 589 4052 libro
619 3986 743 4070 Hymn.
769 4002 809 4050 11.
831 4005 883 4049 vs.
909 3987 985 4052 413.
1008 3989 1059 4053 sic
1082 3989 1255 4057 Christum

152 4081 366 4169 Apostolicis
381 4086 492 4151 verbis
505 4084 567 4171 (ad
583 4087 687 4152 Hebr.
704 4105 729 4151 ι.
743 4085 793 4171 3.)
807 4089 1011 4172 compellat:
1208 4076 1212 4082 ¹
