2752 4674
132 299 175 362 48
413 311 463 359 nn
486 310 626 360 unusrs
650 308 953 359 nnunsncrsurs

176 455 354 520 Decimum
369 473 493 536 genus:
515 461 553 519 nt
575 455 686 539 hymn.
708 452 761 518 10.
783 452 936 519 (lathem.
959 453 1019 537 qui
1043 461 1097 518 est
1117 474 1235 521 mono-

135 558 241 623 colos.
288 558 413 622 Omnes
433 576 551 622 versus
575 564 652 621 sunt
674 557 872 640 anapaestici
896 556 1036 620 trimetri
1058 558 1235 623 catalecti:

135 661 192 744 qni
208 666 368 723 constant
383 659 488 723 tribus
503 660 686 744 anapaestis
701 668 736 722 et
752 659 902 742 syllaba:
926 666 1063 741 recepto
1077 665 1187 724 tamen
1202 661 1236 724 in

134 761 243 845 prima
258 760 338 825 sede
351 761 454 825 etiam
471 760 644 844 spondaeo.
679 803 682 807 -

178 863 311 928 Decimi
324 863 472 945 generis:
495 861 606 945 hymn.
616 880 705 926 nnus
719 863 773 927 10.
788 859 940 926 (lathem.

178 1029 402 1097 Undecimum
428 1047 550 1111 genus:
577 1035 617 1092 ut
641 1018 739 1111 'praet
763 1028 892 1093 Perist.
917 1049 994 1113 quas
1023 1036 1075 1094 est
1107 1030 1238 1096 dicolos

135 1131 334 1215 distrophos.
381 1132 514 1196 Primus
528 1132 672 1215 quisque
687 1148 804 1194 versus
826 1116 881 1194 est
902 1131 1072 1204 iambicus
1087 1130 1239 1198 Archilo-

52 1310 55 1316 Δ
94 1308 98 1318 ,
135 1234 230 1300 chius
256 1233 396 1297 dimeter
416 1231 640 1296 acatalectus:
662 1236 830 1311 constans,
847 1232 1077 1316 amphimacro
1101 1240 1135 1299 et
1155 1235 1239 1300 duo·

49 1328 53 1335 ’
135 1334 204 1399 bus
215 1332 350 1399 iambis.
395 1333 571 1399 Secundus
585 1335 731 1418 quisque
745 1353 865 1399 versus
875 1340 927 1399 est
941 1336 1106 1402 iambicus
1120 1335 1240 1402 Archi·

134 1433 267 1516 lochins'
289 1435 440 1501 trimeter
462 1435 700 1501 catalecticus:
719 1426 886 1516 'constans
906 1456 925 1502 e
944 1438 1093 1522 quinque
1113 1439 1238 1505 iambis

135 1547 172 1600 et
206 1539 533 1621 syllabaz..recepto
552 1545 682 1626 ,tamen
721 1536 764 1601 in·
788 1537 875 1603 locis
911 1538 1097 1624 imparibus
1135 1541 1237 1606 etiam

137 1637 313 1721 spondaeo.
702 1663 705 1667 ’
811 1650 813 1654 ‘

182 1737 361 1804 Undecimi
375 1735 525 1821 generisr
544 1757 610 1829 una
623 1737 725 1805 Praei.
739 1739 861 1807 Perist.

181 1903 429 1993 Duodecimum
450 1924 574 1989 genus:
595 1913 633 1971 ut
650 1906 764 1993 hymn}
787 1911 819 1993 7,.
842 1908 964 1978 Perist.
977 1912 1037 1995 qui
1056 1918 1109 1978 est
1121 1932 1240 1982 mono·

137 2006 241 2070 colos.
285 2003 416 2070 Versus
445 2013 521 2073 sunt
548 2008 770 2093 choriambici
792 2000 931 2096 trimetri
960 2014 1160 2099 acatalecti3
1195 2016 1239 2081 de

140 2107 263 2189 quibus
288 2107 323 2170 in
349 2107 457 2191 primo
480 2128 609 2191 genere.

182 2205 384 2274 Duodecimi
394 2209 521 2291 generis
532 2230 540 2275 :
553 2212 665 2295 hymn.
677 2213 709 2277 1.
724 2222 760 2279 et
775 2216 878 2281 Praei.
893 2220 924 2282 1.
941 2218 1066 2286 Perist.
1078 2221 1191 2306 hymn.
1205 2224 1238 2289 7.

143 2307 245 2373 Prael.
259 2309 317 2376 lib.
332 2310 365 2376 2.
382 2310 634 2395 contraSymm.
767 2348 770 2354 <

185 2466 361 2533 Decimum
384 2471 519 2534 tertium
544 2493 672 2555 genus:
694 2485 733 2542 ut
752 2480 866 2562 hymn.
894 2478 926 2544 8.
947 2479 1065 2546 Perist.
1111 2480 1239 2550 Versus

141 2575 219 2631 sunt
232 2569 372 2651 elegiaci
389 2572 543 2636 omnibus
558 2578 640 2640 noti.

183 2667 317 2733 Decimi
332 2672 417 2737 tertii
433 2675 580 2754 generis:
603 2676 714 2761 hymn.
729 2680 761 2745 2.
784 2681 908 2747 Perist.
922 2683 1035 2768 hymn.
1049 2686 1083 2751 8.
1096 2693 1130 2751 et
1144 2687 1198 2752 ll.

184 2831 362 2898 Decimum
373 2845 528 2919 quartum
540 2861 659 2924 genus:
675 2846 826 2930 uthymn.
836 2846 868 2911 9.
883 2849 1003 2915 Perist.
1015 2853 1074 2936 qui
1084 2861 1137 2918 est
1147 2853 1242 2920 dico·

138 2934 191 2998 los
213 2934 412 3019 distrophos.
457 2938 592 3007 Primus
618 2946 760 3032 quisque
775 2968 893 3014 versus
908 2957 960 3017 est
973 2953 1127 3021 heroicus
1137 2955 1242 3023 hexa-

139 3042 246 3101 meter
265 3039 494 3109 catalecticus.
538 3046 713 3114 Secundus
735 3052 877 3137 quisque
899 3062 951 3120 est
965 3055 1129 3123 iambicus
1152 3057 1242 3145 Hip-

138 3147 324 3221 ponacteus
340 3143 485 3210 trimeter
499 3151 713 3216 acatalectus

183 3241 315 3306 Decimi
331 3248 437 3327 quarti
453 3251 600 3332 generis:
623 3273 709 3319 unus
724 3255 755 3320 9.
770 3256 890 3322 Perist.
904 3259 1015 3344 hymn.

184 3422 365 3489 Decimum
388 3429 541 3511 quintum
564 3454 689 3517 genus:
711 3445 749 3502 ut
768 3439 880 3522 hymn.
905 3442 959 3508 12.
982 3444 1103 3510 Perist.
1118 3449 1177 3530 qni
1192 3456 1243 3516 est

140 3522 269 3589 dicolos
284 3524 488 3615 distrophos.
533 3534 667 3601 Primus
689 3541 830 3624 quisque
847 3564 962 3611 versus
977 3551 1030 3610 est
1048 3546 1241 3632 dactylicus

139 3623 379 3694 Archilochius
398 3631 605 3717 heptameter
625 3642 852 3710 acatalectus:
876 3655 1032 3712 constans
1055 3669 1075 3714 a
1095 3659 1242 3734 quatuor

140 3727 258 3809 primis
270 3730 413 3813 pedibus
428 3738 612 3819 spondaeis,
626 3742 680 3807 vel
696 3742 854 3829 dactylis,
876 3753 914 3813 ut
928 3750 963 3813 in
978 3770 1074 3815 versu
1084 3752 1242 3822 heroico:
1268 3769 1276 3781 ·

141 3828 263 3893 deinde
288 3852 307 3895 e
336 3837 443 3903 tribus
473 3844 644 3909 troehaeis.
701 3845 875 3931 Secundus
904 3870 985 3917 vero
1016 3853 1161 3938 quisque
1190 3865 1242 3922 est

141 3930 305 3996 iambicus
324 3932 554 4011 Archilochius
567 3946 712 4012 trimeter
725 3949 961 4037 catalecticum
983 3954 1025 4020 de
1040 3975 1109 4039 quo
1128 3957 1164 4023 in
1178 3976 1241 4023 nn·

142 4030 272 4099 decimo
287 4056 414 4119 genere.
